1669 2563
182 167 268 217 304

187 267 427 325 Uniformis
456 299 465 317 ‚
498 273 787 315 mustaceus,
819 264 1021 321 ejusdem
1053 262 1203 304 formae
1236 263 1282 302 in
1318 266 1413 302 tota

120 330 393 386 expansione
425 342 505 369 sua
531 359 541 377 ‚
575 335 619 368 et
649 328 851 384 margine
883 327 1055 381 integer
1086 354 1095 363 .

180 388 475 445 Effiguratus‚
507 394 769 428 crustaceus
788 419 799 436 ‚
821 384 894 427 vel
915 379 1420 430 crustaceo-foliaceus,

119 448 300 491 ambitu
351 447 595 489 laciniatus
636 479 646 497 ,
700 454 745 488 et
797 444 1054 486 fimbriatus
1083 474 1094 492 ‚
1141 439 1215 482 vel
1269 439 1420 482 factus

120 511 321 567 squamis
350 508 603 549 imbricatis
633 538 643 557 ‚
678 516 723 547 et
753 505 929 548 laciniis
949 536 960 555 ,
994 500 1260 558 lobulisque
1291 501 1420 542 vario

119 568 255 611 modo
291 569 445 609 incisis
469 599 480 617 ‚
513 565 855 623 crenulatisque
873 597 882 606 .

178 629 227 684 §.
265 642 364 684 172.
393 626 542 683 Stipes
572 633 637 669 est
661 640 841 668 cormus
874 621 1119 665 ascendens
1144 619 1419 675 Fungomuz,

120 696 245 730 totus
275 686 527 730 cellulosus
545 719 556 738 ‚
590 694 706 728 teres
732 718 745 738 ,
778 691 1032 726 sustentans
1064 679 1239 738 pileum
1261 678 1422 720 fructi-

121 763 280 806 gerum
313 779 322 789 .
352 746 434 788 Hic
468 762 577 803 saepe
609 746 708 788 basi
741 745 953 786 adnatam
1005 742 1144 784 habet
1188 739 1422 780 membra-

121 824 225 850 nam
256 806 362 864 plus
391 808 540 847 minus
595 819 791 846 crassam
820 836 830 854 ,
876 801 952 845 vel
997 802 1261 856 byssaceam
1290 831 1300 849 ‚
1347 796 1420 839 vel

122 867 418 926 gelatinosam
438 897 449 915 ,
481 878 578 921 quae
609 871 712 905 ante
744 862 875 920 fungi
908 859 1259 918 explicationem
1304 860 1424 899 inte-

123 942 257 985 grum
288 924 482 982 fungum
515 923 690 980 obtegit
717 956 728 974 ,
760 921 836 964 vel
881 922 1075 976 margini
1129 919 1239 976 pilei
1289 918 1423 959 adna-

125 989 269 1029 scitur
302 1018 313 1034 ,
342 993 388 1026 et
417 984 587 1025 dieitur
619 983 745 1024 volva
773 1014 782 1023 .
814 981 966 1037 Stipes
997 978 1120 1019 ludit

183 1045 407 1088 Carnosus
436 1077 447 1093 ,
479 1045 701 1084 coriaceus
731 1056 757 1083 a
789 1040 1044 1083 substantia
1075 1036 1288 1081 cellulari
1314 1034 1425 1076 mol-

125 1105 232 1147 liori
262 1137 274 1155 ,
306 1103 381 1146 vel
413 1103 591 1144 duriori
619 1134 630 1152 ,
664 1110 709 1144 et
740 1102 888 1143 tenaci
927 1131 936 1141 .

182 1165 387 1215 Solidus,
414 1163 649 1219 fistulosus
679 1164 819 1204 intus.

185 1224 396 1267 Setaceus
420 1256 431 1274 ,
464 1222 696 1265 subulatus
718 1254 728 1273 ,
761 1220 1028 1278 cylindricus
1051 1251 1062 1269 ,
1095 1219 1274 1260 conisus
1294 1247 1304 1265 ‚
1336 1215 1424 1256 cla-

128 1294 284 1335 vatus,
307 1281 560 1340 jusiformis
580 1316 591 1334 ,
623 1295 924 1339 compressu5‚
957 1279 1146 1335 simplex
1166 1311 1177 1328 ,
1211 1289 1423 1325 ramosus,

129 1347 444 1387 ramosissimus
462 1377 473 1395 ,
506 1342 642 1385 brevis
669 1375 680 1393 ,
709 1343 941 1398 elongatus
960 1370 978 1393 ,
1008 1347 1281 1386 attenuatus,
1307 1349 1428 1376 cras-

129 1420 204 1448 sus
223 1439 233 1456 ‚
267 1407 450 1447 striatas
474 1436 484 1454 ,
518 1405 748 1456 sulcatus,
779 1411 919 1443 rectus
937 1433 948 1451 ‚
986 1405 1193 1440 incurvus
1215 1430 1226 1448 ,
1247 1396 1428 1452 flexuo-

130 1481 206 1509 sus
227 1499 238 1516 ,
273 1468 470 1507 viscosus
489 1497 499 1515 ‚
534 1463 707 1519 glaber,
734 1463 911 1519 pilosus
926 1492 942 1514 ,
973 1461 1166 1509 villosus,
1198 1460 1425 1512 strigosus,

132 1535 399 1569 tomentosus
424 1557 436 1576 ‚
485 1524 821 1582 pulverulentus
854 1555 865 1573 ‚
917 1521 1164 1563 maculatus
1188 1551 1198 1569 ,
1254 1517 1428 1558 colora-

135 1597 206 1628 tus
230 1619 239 1628 .

189 1646 464 1702 Squamosus
486 1678 497 1695 ,
521 1643 767 1700 fibrillosus
789 1676 802 1694 1,
836 1656 1045 1701 aspersus
1076 1638 1276 1697 squamis
1302 1670 1312 1688 ,
1354 1634 1429 1678 vel

131 1706 315 1750 fibrillis
339 1737 348 1747 .

190 1766 466 1822 Squarrosus
488 1798 499 1815 ‚
531 1779 739 1822 aspersus
772 1763 973 1821 squamis
1003 1759 1254 1803 recurvatis
1287 1788 1296 1798 .

192 1826 434 1875 Rimosus,
488 1827 724 1866 lacunosus
751 1857 762 1875 ‚
803 1839 830 1865 a
874 1824 1002 1864 rimis
1053 1819 1268 1861 tenuibus
1295 1848 1306 1867 ,
1351 1813 1425 1858 vel

137 1886 316 1928 lacunis
340 1883 644 1942 amplioribus
676 1886 722 1925 in
754 1881 991 1941 superficie
1021 1912 1031 1921 .

197 1945 480 1988 Reticulatus
503 1943 636 2002 plicis
669 1941 1111 1986 anastomosantihus
1153 1940 1200 1979 in
1246 1933 1429 1994 superfi-

139 2022 208 2048 cie
240 2039 250 2048 .

200 2065 420 2109 Concolor
447 2078 552 2105 cum
576 2062 700 2121 pileo
723 2096 732 2105 .

201 2126 429 2168 Connatus
460 2138 566 2166 cum
597 2122 700 2164 aliis
732 2122 966 2179 stipitibus
988 2152 999 2162 .

200 2187 452 2228 Peronatus
479 2217 490 2235 ‚
525 2192 670 2225 tectus
721 2182 846 2225 foliis
895 2179 1101 2222 deciduis
1124 2212 1135 2229 ‚
1168 2191 1263 2235 quae
1294 2173 1430 2216 facile

141 2248 308 2289 haerent
340 2246 492 2302 strigis
523 2242 734 2302 rigidulis
762 2276 772 2295 ,
807 2241 1116 2302 pungentibus
1135 2272 1144 2289 ‚
1179 2235 1427 2296 parallelis,

144 2309 314 2367 quibus
350 2313 489 2349 scatet
522 2336 530 2346 .
