1669 2563
254 177 337 220 256

252 283 298 338 ᾗ,
334 284 427 337 141.
459 282 653 324 Ordines
681 281 837 325 elassis
882 296 951 324 20.
984 280 1252 337 Gynandriae
1305 281 1477 325 haben-

193 351 269 384 tur
300 359 326 384 3
372 358 561 384 numero
610 343 930 393 anthemium,
962 357 1060 398 quae
1100 344 1145 383 in
1196 346 1479 399 gynostemio

192 403 266 443 hie
322 403 614 460 peculiariter
663 403 872 445 locantur
910 436 919 444 .
974 402 1246 458 Hujusmodi
1299 404 1480 445 ordines

191 471 297 505 sunt
329 463 607 505 Monandria
630 496 641 513 ‚
675 463 905 504 Diandrz’a
928 495 939 512 ‚
980 463 1219 504 Triandria
1241 495 1253 513 ‚
1286 459 1479 504 Heoean-

189 525 286 564 dria
310 555 320 564 .
353 523 558 565 Linnaeus
589 521 744 581 plures
771 522 946 564 ordines
969 556 980 574 ,
1025 537 1164 580 quam
1211 538 1292 580 par
1339 529 1438 564 erat
1465 555 1478 573 ,

189 585 387 625 instituit
415 585 462 624 in
486 582 570 624 hac
600 582 742 626 classe
771 598 832 625 ex
862 598 953 624 non
984 583 1096 625 bene
1136 588 1350 640 percepta
1375 597 1478 623 ana-

189 650 308 684 tome
364 645 634 701 gynostemii
662 675 672 685 .
712 643 838 684 Adeo
881 657 1040 686 verum
1089 651 1187 693 est,
1241 648 1480 684 anatomen

188 718 282 745 esse
324 701 674 745 fundamentum
706 705 962 759 systematis
985 735 996 745 .

248 762 293 818 ξ.
331 765 424 816 142.
457 762 626 805 Classis
671 778 741 804 21.
787 762 1054 813 Monoecia,
1102 769 1150 804 et
1205 759 1366 803 classis
1410 774 1480 802 22.

189 822 376 863 Dioecia
400 821 554 863 ferunt
585 821 764 864 ordines
795 836 821 864 a
851 836 1041 863 numero
1073 820 1276 872 definito,
1309 820 1383 863 vel
1411 822 1484 861 in-

188 880 372 922 definito
394 883 645 923 staminum
666 914 678 932 ‚
708 896 790 922 nee
819 896 910 922 non
939 882 998 923 ab
1024 896 1182 923 eorum
1210 895 1335 922 nexu
1366 882 1483 921 inter

191 957 237 982 se
262 973 273 991 ‚
305 949 350 981 et
378 941 437 982 ab
469 942 713 981 insertione
737 973 746 982 .
781 940 895 982 Hinc
922 942 1133 981 oriuntur
1158 941 1336 982 ordines
1374 939 1485 981 Mo—

189 1002 400 1050 nandria,
439 998 698 1050 Diandria‚
735 999 977 1041 Triandria
999 1031 1010 1049 ,
1043 1000 1336 1049 Tetrandria‚
1370 999 1485 1041 Pen-

190 1061 370 1101 tandria
402 1092 413 1109 ‚
461 1058 732 1101 Hexandria
759 1093 770 1109 ‚
822 1058 1112 1116 Heptandria
1141 1091 1153 1109 ‚
1199 1057 1448 1101 Octandria
1473 1091 1485 1109 ‚

188 1119 478 1162 Enneandria
508 1152 519 1169 ‚
562 1119 828 1161 Decandria
852 1152 863 1170 ,
895 1119 1217 1161 Dodecandria
1242 1150 1253 1169 ,
1283 1118 1488 1174 Polyan-

189 1181 286 1221 drz'a
309 1212 321 1230 ,
354 1179 685 1236 Monadelplzia
709 1212 719 1230 ,
758 1178 1089 1236 Polyadelplzia
1114 1211 1126 1230 ,
1177 1177 1452 1234 Syngenesz'a
1476 1210 1489 1228 ,

194 1240 485 1297 Cymandria.
516 1239 804 1282 Novissimus
834 1241 919 1281 iste
962 1238 1074 1281 ordo
1118 1237 1274 1280 locum
1318 1237 1490 1279 habere

191 1299 394 1351 dieitur,
425 1314 534 1341 curn
564 1301 757 1342 stamina
789 1301 956 1341 inserta
989 1314 1129 1356 supra
1172 1298 1488 1339 rudimentum

191 1359 302 1415 styli
332 1362 518 1402 castrati
548 1392 560 1411 ‚
590 1359 716 1417 quod
745 1359 859 1402 mihi
902 1373 1066 1418 parum
1106 1366 1265 1400 exacte
1314 1356 1491 1399 factum

190 1420 404 1472 videtur,
435 1427 482 1461 et
523 1417 735 1462 lubenter
785 1422 1004 1462 assentior
1051 1417 1322 1475 Sprengelio
1349 1449 1361 1468 ‚
1407 1420 1490 1474 qui

191 1480 458 1535 hujusmodi
491 1480 698 1521 ordinem
750 1481 1028 1538 suppressit.
1062 1480 1122 1520 At
1166 1481 1237 1520 vir
1290 1476 1492 1519 clarissi-

189 1555 291 1582 mus
322 1540 437 1582 duos
460 1539 577 1582 alios
609 1540 790 1582 ordines
819 1541 1020 1582 instituit
1046 1541 1094 1580 in
1127 1537 1272 1580 classe
1303 1537 1492 1578 Monoe-

192 1603 265 1641 cia
284 1632 297 1651 ‚
328 1615 445 1658 quos
476 1600 596 1642 dixit
620 1600 954 1657 Androgyniam
986 1615 1012 1640 a
1043 1597 1236 1640 floribus
1266 1596 1494 1654 androgy-

192 1663 261 1701 nis
290 1663 337 1700 in
369 1660 527 1702 eodem
572 1660 864 1720 receptaculo
888 1693 900 1712 ,
933 1668 981 1702 et
1022 1658 1285 1717 Dycliniam
1314 1672 1341 1698 a
1371 1659 1492 1699 sexi-

195 1720 286 1761 bus
305 1719 523 1776 diclyniis
556 1752 566 1762 .
1041 1726 1043 1729 '

253 1779 298 1835 §.
337 1782 432 1834 143.
465 1781 577 1824 Tres
608 1788 785 1822 tantum
830 1786 938 1822 sunt
981 1778 1163 1821 ordines
1212 1776 1369 1819 classis
1419 1777 1490 1817 23.

193 1837 496 1896 Polygamiae,
545 1842 675 1898 petiti
705 1856 732 1882 3
765 1839 939 1897 triplici
971 1840 1145 1881 ratione
1170 1869 1182 1886 ‚
1213 1852 1306 1894 qua
1359 1833 1492 1877 flores

192 1897 554 1957 hermaphroditi
581 1932 593 1950 ,
625 1906 672 1942 et
702 1897 995 1940 unisexuales
1039 1900 1131 1939 situ
1161 1900 1339 1939 variare
1385 1911 1493 1953 pos-

195 1967 301 2000 sunt
329 1961 377 2000 in
406 1959 563 2002 eadem
587 1961 734 2017 specie
753 1991 763 2001 .
796 1959 943 2016 Igitur
974 1957 1086 1999 ordo
1119 1957 1362 2000 Monoecia
1392 1964 1459 1998 est
1478 1989 1489 2007 ‚

193 2032 302 2060 cum
332 2017 464 2061 flores
490 2019 721 2077 polygami
754 2026 860 2060 sunt
891 2033 1044 2060 omnes
1076 2020 1125 2060 in
1170 2017 1327 2060 eadem
1359 2015 1493 2073 plan-

195 2086 241 2119 ta
259 2111 271 2129 ,
303 2079 421 2121 ordo.
446 2079 640 2121 Dioecia
665 2111 678 2130 ‚
702 2094 810 2121 cum
834 2078 971 2120 iidem
1001 2076 1132 2121 flores
1155 2086 1277 2119 stant
1307 2079 1354 2117 in
1378 2076 1494 2117 dua-

197 2140 286 2181 bus
316 2139 485 2196 plantis
511 2171 523 2191 ‚
560 2153 752 2196 quatum
803 2138 948 2180 altera
985 2136 1075 2179 fert
1125 2136 1259 2179 flores
1311 2137 1493 2178 herma-

196 2199 435 2256 phroditos
460 2232 473 2251 ,
501 2199 647 2242 altera
675 2198 970 2241 unisexuales
1000 2206 1082 2239 aut
1112 2196 1340 2240 masculos
1368 2229 1378 2247 ,
1410 2203 1493 2237 aut

199 2259 458 2312 foemineos‚
505 2260 618 2302 ordo
655 2261 857 2302 Trioecia
880 2292 891 2312 ‚
934 2273 1041 2301 cum
1073 2257 1206 2300 flores
1256 2257 1491 2316 polygami

203 2328 322 2364 stant
359 2321 405 2364 in
443 2321 594 2365 tribus
638 2320 808 2380 plantis
836 2354 847 2374 ,
895 2318 1011 2363 idest
1046 2319 1214 2363 harum
1264 2333 1355 2362 una
1404 2316 1492 2358 fert
