1669 2563
201 198 258 226 22

664 345 879 388 Albumen
904 376 912 385 .

201 468 246 525 ξ.
279 470 350 511 80.
384 464 541 509 Omnis
571 467 771 508 nutricia
803 464 1059 507 substantia
1105 463 1151 503 in
1197 458 1436 516 cotyledo-

142 544 198 570 ne
228 535 450 586 perpetuo
479 542 569 568 non
599 534 667 569 est
690 558 699 568 .
727 525 964 567 Interdum
997 523 1087 564 haec
1120 524 1165 562 in
1212 519 1441 579 peculiari

142 587 435 647 receptaculo
465 620 476 636 ‚
505 587 631 644 quod
661 585 863 628 albumen
882 618 893 637 ,
920 586 1196 642 perisperma
1223 614 1234 632 ‚
1265 580 1340 623 vel
1370 593 1442 621 en-

143 649 375 705 dosperma
404 647 620 689 dixerunt
642 678 653 697 ‚
687 647 871 688 seorsim
915 647 1061 702 posita
1089 675 1099 685 .
1132 641 1364 683 Albumen
1392 638 1445 680 fit

142 707 358 751 cellulari
390 714 522 748 textu
545 739 556 756 ,
587 708 706 749 vasis
735 704 876 747 nullis
904 737 916 756 ,
948 718 1095 760 neque
1144 716 1249 743 011111
1282 701 1445 758 germi-

145 784 202 810 ne
228 770 534 809 eonnectitur.
553 765 812 822 Cotyledon
833 765 1105 806 alimentum
1125 763 1184 804 ab
1207 761 1444 804 albumine

146 827 305 870 haurit
327 861 338 879 ,
370 835 417 869 et
446 825 573 869 vehit
602 826 661 867 ad
691 841 898 884 germen.
1385 870 1389 871 ⁷

206 888 251 944 §.
283 889 354 929 81.
385 886 458 929 Ex
489 887 679 929 diversis
709 887 828 928 notis
852 885 1059 926 materiei
1091 884 1138 923 in
1159 878 1349 923 cellulis
1374 877 1445 920 al-

145 949 349 990 huminis
377 946 533 988 locatae
563 948 715 1004 ipsum
744 945 962 987 albumen
993 944 1142 985 variat
1171 956 1294 982 nunc
1335 938 1451 981 fria-

148 1007 245 1050 bile
264 1040 275 1058 ,
307 1005 460 1048 flexile
479 1039 491 1057 ,
523 1020 765 1048 carnosum
784 1037 795 1056 ,
823 1004 1027 1046 oleosum
1046 1035 1058 1053 ,
1091 1017 1213 1043 1111110
1238 1000 1450 1048 densum,

148 1080 366 1109 corneum
384 1100 395 1118 ,
432 1070 605 1108 siccum
630 1099 642 1117 ,
672 1073 718 1106 et
747 1064 841 1107 fere
869 1064 1073 1122 ligneum
1091 1094 1100 1104 .
1136 1062 1326 1117 Semper
1351 1074 1454 1116 per-

147 1127 335 1169 cellitur
361 1128 419 1168 ab
450 1141 570 1184 aqua
593 1158 604 1177 ,
637 1124 745 1184 plus
774 1127 982 1167 minusve
1013 1122 1175 1165 album
1200 1154 1212 1172 ‚
1259 1119 1416 1162 odoris
1440 1150 1452 1169 ,

150 1189 416 1244 saporisque
447 1201 611 1243 expers
636 1217 647 1228 .

209 1246 254 1302 ᾗ.
287 1248 357 1288 82.
389 1246 556 1287 Forma
583 1278 594 1296 ‚
624 1251 669 1286 et
700 1245 813 1285 situs
843 1242 943 1298 ejus
974 1257 1045 1284 res
1088 1238 1361 1282 variabiles.
1393 1238 1455 1278 At

149 1307 295 1348 moles
322 1308 371 1346 in
399 1308 577 1348 inversa
596 1318 702 1346 cum
722 1302 995 1359 cotyledone
1025 1303 1202 1342 ratione
1227 1305 1456 1356 perpetuo

152 1375 219 1408 est
242 1398 252 1408 .
285 1364 446 1423 Itaque
477 1365 602 1406 deest
625 1396 636 1414 ,
666 1378 773 1404 cum
805 1361 1101 1418 cotyledones
1140 1362 1247 1401 satis
1290 1357 1452 1415 ampli.

151 1426 253 1468 Nec
281 1427 511 1467 immerito
541 1423 769 1466 Pollinius
800 1424 958 1464 semini
1008 1422 1175 1462 tribuit
1226 1418 1450 1460 albumen

154 1501 277 1527 nunc
307 1494 534 1527 externum
560 1513 571 1535 ,
605 1498 726 1524 1111110
758 1485 975 1524 internum
997 1513 1008 1532 ‚
1054 1487 1195 1537 prout
1246 1479 1454 1519 nutricia

154 1548 365 1586 materies
394 1546 623 1601 reperitur
653 1545 701 1583 in
732 1540 1026 1599 receptaculo
1059 1541 1246 1582 seorsim
1278 1539 1450 1595 posito,

156 1605 230 1648 vel
260 1607 381 1647 intra
411 1603 733 1659 cotyledonem
754 1635 764 1644 .

198 1693 202 1696 >
223 1725 405 1767 Tunicae
433 1723 661 1767 seminales
679 1752 689 1762 .
722 1721 881 1764 Hilam
899 1751 908 1763 .
943 1718 1106 1778 Raphe
1125 1752 1135 1761 .
1166 1717 1373 1761 Chalaza
1392 1751 1402 1760 .

216 1845 261 1900 §.
295 1846 370 1887 83.
400 1843 548 1886 Sicuti
603 1840 870 1885 animalium
901 1840 1035 1882 foetus
1064 1842 1112 1881 in
1152 1847 1286 1881 utero
1333 1840 1461 1879 intra

157 1905 378 1947 secundas
407 1903 642 1945 clauditur
669 1936 681 1954 ‚
712 1905 777 1944 ita
806 1901 1071 1960 plantarum
1103 1915 1286 1957 germen
1335 1900 1461 1939 intra

157 1965 394 2006 sacculum
425 1978 558 2005 suum
580 1996 590 2015 ,
624 1965 705 2020 qui
737 1963 796 2004 ab
845 1962 1043 2003 externis
1096 1961 1280 2015 injuriis
1332 1957 1456 1998 illud

158 2033 346 2076 tuetur,
377 2033 423 2065 et
456 2026 504 2064 in
533 2025 860 2082 germinatione
892 2022 1081 2077 adjuvat
1102 2053 1113 2071 ,
1158 2018 1331 2060 decidit
1376 2033 1457 2059 ve—

160 2100 212 2127 ro
240 2118 251 2136 ,
283 2091 494 2127 nascente
526 2083 713 2142 planta,
745 2097 870 2124 more
904 2080 1208 2123 secundarum
1236 2111 1246 2121 .

217 2145 267 2201 §.
295 2145 368 2199 84.
398 2144 517 2187 Sunt
542 2177 553 2195 ,
587 2145 667 2201 qui
699 2150 891 2202 putent,
922 2155 1015 2192 esse
1062 2138 1299 2182 sacculum
1351 2139 1462 2179 sim-

159 2204 331 2263 plicem
373 2206 468 2246 sine
519 2206 727 2254 suturis,
773 2217 911 2260 quem
961 2203 1142 2242 nomine
1193 2202 1459 2256 episperma-

163 2269 222 2307 tis
250 2264 508 2307 Richardus
538 2264 780 2306 distinxit.
829 2261 1005 2304 Verum
1054 2275 1162 2301 011111
1209 2274 1365 2301 recens
1414 2260 1463 2299 in

165 2325 280 2369 duas
332 2325 617 2368 membranas
673 2325 846 2382 absque
893 2321 1171 2365 laceratione
1224 2317 1464 2362 manifesta
