1669 2563
219 160 305 200 303

216 263 520 319 cartilaginea
549 296 562 315 ,
617 274 816 320 quorum
878 274 1034 322 margo
1086 261 1411 317 integerrimus
1439 291 1450 311 ‚

158 323 485 381 (zartilagineus
507 356 517 366 .

217 384 710 441 Cartilagineo-serrata
737 416 748 433 ‚
781 395 981 440 quorum
1018 395 1177 439 margo
1223 379 1456 438 cartilagi-

158 459 270 485 neus
294 478 305 495 ‚
340 454 385 486 et
415 452 615 487 serratus
633 476 643 486 .

224 505 458 547 Undulata
483 539 495 558 ‚
526 520 633 547 cum
664 517 820 562 margo
863 501 1114 544 instructus
1153 498 1289 559 plicis
1341 502 1453 542 irre-

160 564 402 621 gularibus
421 599 431 608 .
1322 602 1325 608 ,

216 625 432 668 Involuta
454 658 465 676 ‚
496 640 594 683 quae
622 624 794 667 habent
823 623 1075 680 marginem
1123 618 1344 663 inflexum
1399 620 1458 661 ad

158 685 323 727 faciem
355 687 634 743 superiorem
657 715 668 726 .

218 745 438 788 Revoluta
459 778 471 796 ‚
503 761 611 787 cum
639 758 798 802 margo
828 741 1024 786 reflexus
1062 741 1119 784 ad
1147 740 1313 783 faciem
1342 738 1454 781 infe-

160 821 326 847 norem
351 838 361 847 .

218 866 372 907 Plana
390 898 401 916 ,
434 878 629 906 concava
652 894 664 913 ,
696 862 1001 904 canaliculata
1020 894 1032 912 ,
1063 863 1291 912 carinam,
1324 862 1455 911 levia,

160 927 386 967 colorata.

219 985 405 1040 Rugosa
427 1016 438 1034 ‚
482 984 708 1025 instructa
755 979 889 1039 plicis
940 981 1205 1022 transversis
1231 1013 1241 1023 .
1274 981 1457 1024 Hedwi-

161 1047 264 1101 gius
295 1045 476 1085 dixerat
505 1044 727 1085 undulata
755 1073 765 1084 .

227 1103 500 1154 Unineroia‚
535 1104 771 1145 ductulosa
822 1099 1043 1158 Hedwigii
1073 1132 1085 1151 ‚
1131 1114 1238 1142 cum
1289 1099 1460 1142 habent

160 1173 330 1206 eostam
358 1164 555 1206 mediam
582 1197 594 1215 ,
627 1178 723 1221 quae
754 1163 964 1204 excurrit
1013 1175 1160 1220 usque
1190 1159 1249 1202 ad
1280 1162 1458 1219 apicem

161 1224 261 1266 folii
292 1256 302 1266 .

219 1284 720 1326 obliterato-uninervia
743 1315 754 1334 ,
787 1297 893 1324 cum
923 1289 1050 1324 costa
1080 1279 1231 1322 media
1263 1282 1312 1322 in
1360 1281 1465 1322 basi

159 1343 261 1386 folii
316 1353 496 1387 tantum
546 1345 774 1402 reperitur
796 1376 807 1394 ,
836 1341 911 1385 vel
943 1357 1090 1399 usque
1140 1341 1198 1382 ad
1253 1341 1460 1383 medium

159 1404 323 1447 solium
356 1407 604 1463 pertingit,
637 1403 802 1446 deinde
834 1404 1018 1445 omnino
1051 1402 1279 1444 evanescit
1303 1433 1314 1444 .

216 1465 462 1517 Nervosa,
495 1481 603 1507 cum
650 1464 822 1506 hahent
875 1463 1034 1522 plures
1080 1475 1246 1503 nervos
1292 1477 1316 1503 e
1360 1462 1461 1504 basi

158 1526 385 1583 profectos
407 1558 416 1567 .
450 1527 565 1568 Hinc
598 1527 830 1575 minervia,
864 1524 1214 1581 quinquenervia
1240 1554 1252 1564 .

215 1587 410 1629 Enervia
429 1620 441 1638 ‚
473 1602 571 1645 quae
601 1593 757 1628 carent
799 1593 924 1628 costa
972 1583 1124 1625 media
1150 1615 1163 1634 ,
1214 1583 1463 1640 nervisque

156 1646 427 1690 lateralibus
453 1680 463 1689 .

215 1708 474 1749 Reticalata
509 1704 704 1749 reticulo
734 1720 951 1748 vasorum
980 1736 992 1747 .

213 1768 446 1809 Punctata
480 1770 663 1826 punctis
686 1765 936 1825 pellucidis
961 1796 972 1806 .

211 1828 472 1883 Papillosa,
504 1827 661 1870 scabra
686 1859 698 1877 ‚
731 1824 921 1885 papillis
942 1857 954 1876 ‚
993 1824 1276 1882 punctisque
1309 1822 1457 1862 minu-

155 1889 213 1930 tis
230 1920 241 1938 ‚
274 1887 462 1929 elevatis
493 1896 613 1931 tecta
633 1920 644 1930 .

213 1947 444 2004 Quaterna
466 1963 493 1989 a
516 1955 714 2006 quatuor
745 1943 917 1988 foliolis
941 1945 989 1985 in
1020 1945 1150 2001 apice
1181 1940 1351 2000 petioli
1381 1974 1392 1984 .

212 2008 406 2050 Caulina
423 2040 434 2058 ‚
469 2022 615 2049 ramea
639 2039 650 2057 ,
676 2005 1004 2064 periclzaetz‘alia
1026 2036 1037 2046 .

213 2067 554 2124 Superficialia‚
588 2069 675 2110 sita
704 2069 752 2108 in
783 2062 1021 2123 superficie
1051 2061 1199 2119 caulis
1229 2063 1348 2104 inter
1381 2059 1453 2103 fo-

155 2128 219 2170 lia
249 2128 447 2170 disticha
473 2161 483 2170 .

214 2187 560 2230 Membranacea
582 2220 594 2238 ‚
645 2186 940 2242 cartilaginea
962 2217 974 2234 ‚
1022 2184 1273 2241 opposita,
1324 2182 1460 2224 alter-

156 2267 217 2294 na
237 2283 248 2299 ‚
279 2263 439 2307 sparsa
459 2281 476 2303 ,
507 2248 770 2292 verticillata
795 2278 807 2298 ,
837 2253 982 2289 erecta
1007 2277 1019 2296 ‚
1076 2245 1289 2302 patentia
1317 2275 1329 2294 ‚
1370 2257 1464 2300 pa-

160 2313 257 2355 mla
289 2342 298 2353 .
