<?xml version="1.0" encoding="UTF-8"?>
<!DOCTYPE html PUBLIC "-//W3C//DTD XHTML 1.0 Transitional//EN"
    "http://www.w3.org/TR/xhtml1/DTD/xhtml1-transitional.dtd">
<html xmlns="http://www.w3.org/1999/xhtml" xml:lang="en" lang="en">
 <head>
  <title>
</title>
<meta http-equiv="Content-Type" content="text/html;charset=utf-8" />
  <meta name='ocr-system' content='tesseract 3.04.00' />
  <meta name='ocr-capabilities' content='ocr_page ocr_carea ocr_par ocr_line ocrx_word'/>
</head>
<body>
  <div class='ocr_page' id='page_1' title='image "antoniibertoloni00bert_0080.png"; bbox 0 0 1669 2563; ppageno 0'>
   <div class='ocr_carea' id='block_1_1' title="bbox 263 171 318 212">
    <p class='ocr_par' dir='ltr' id='par_1_1' title="bbox 263 171 318 212">
     <span class='ocr_line' id='line_1_1' title="bbox 263 171 318 212; baseline -0.018 0"><span class='ocrx_word' id='word_1_1' title='bbox 263 171 318 212; x_wconf 80' lang='lat'>68</span> 
     </span>
    </p>
   </div>
   <div class='ocr_carea' id='block_1_2' title="bbox 628 334 1066 393">
    <p class='ocr_par' dir='ltr' id='par_1_2' title="bbox 628 334 1066 393">
     <span class='ocr_line' id='line_1_2' title="bbox 628 334 1066 393; baseline 0.002 -16"><span class='ocrx_word' id='word_1_2' title='bbox 628 334 831 393; x_wconf 80' lang='lat' dir='ltr'><em>Propria</em></span> <span class='ocrx_word' id='word_1_3' title='bbox 861 335 1023 379; x_wconf 78' lang='lat' dir='ltr'><em>radicis</em></span> <span class='ocrx_word' id='word_1_4' title='bbox 1057 367 1066 378; x_wconf 95' lang='lat'>.</span> 
     </span>
    </p>
   </div>
   <div class='ocr_carea' id='block_1_3' title="bbox 201 452 1504 2307">
    <p class='ocr_par' dir='ltr' id='par_1_3' title="bbox 201 452 1497 991">
     <span class='ocr_line' id='line_1_3' title="bbox 258 452 1494 511; baseline -0.001 -15"><span class='ocrx_word' id='word_1_5' title='bbox 258 454 302 511; x_wconf 60' lang='grc' dir='ltr'>ξ.</span> <span class='ocrx_word' id='word_1_6' title='bbox 337 454 435 497; x_wconf 81' lang='lat'><strong>226.</strong></span> <span class='ocrx_word' id='word_1_7' title='bbox 467 452 742 497; x_wconf 83' lang='lat' dir='ltr'>Differentiae</span> <span class='ocrx_word' id='word_1_8' title='bbox 777 457 897 498; x_wconf 90' lang='lat' dir='ltr'>inter</span> <span class='ocrx_word' id='word_1_9' title='bbox 942 455 1173 506; x_wconf 83' lang='lat' dir='ltr'>radicem,</span> <span class='ocrx_word' id='word_1_10' title='bbox 1222 463 1267 497; x_wconf 89' lang='lat' dir='ltr'>et</span> <span class='ocrx_word' id='word_1_11' title='bbox 1312 452 1494 496; x_wconf 88' lang='lat' dir='ltr'>caulem</span> 
     </span>
     <span class='ocr_line' id='line_1_4' title="bbox 201 514 1495 572; baseline -0.001 -17"><span class='ocrx_word' id='word_1_12' title='bbox 201 514 465 572; x_wconf 87' lang='lat' dir='ltr'>plantarum</span> <span class='ocrx_word' id='word_1_13' title='bbox 494 514 1041 571; x_wconf 88' lang='lat' dir='ltr'>monocotyledonearum</span> <span class='ocrx_word' id='word_1_14' title='bbox 1075 523 1177 557; x_wconf 81' lang='lat' dir='ltr'>totae</span> <span class='ocrx_word' id='word_1_15' title='bbox 1210 523 1329 557; x_wconf 84' lang='lat' dir='ltr'>stant</span> <span class='ocrx_word' id='word_1_16' title='bbox 1371 516 1416 554; x_wconf 91' lang='lat' dir='ltr'>in</span> <span class='ocrx_word' id='word_1_17' title='bbox 1446 529 1495 555; x_wconf 89' lang='lat' dir='ltr'>e-</span> 
     </span>
     <span class='ocr_line' id='line_1_5' title="bbox 201 574 1493 632; baseline -0.001 -17"><span class='ocrx_word' id='word_1_18' title='bbox 201 575 452 632; x_wconf 87' lang='lat' dir='ltr'>pidermide</span> <span class='ocrx_word' id='word_1_19' title='bbox 482 576 655 632; x_wconf 83' lang='lat' dir='ltr'>absque</span> <span class='ocrx_word' id='word_1_20' title='bbox 688 578 814 632; x_wconf 88' lang='lat' dir='ltr'>poris</span> <span class='ocrx_word' id='word_1_21' title='bbox 841 607 853 617; x_wconf 91' lang='lat'>.</span> <span class='ocrx_word' id='word_1_22' title='bbox 894 574 1173 618; x_wconf 73' lang='lat' dir='ltr'>Differentiae</span> <span class='ocrx_word' id='word_1_23' title='bbox 1223 590 1331 617; x_wconf 85' lang='lat' dir='ltr'>vero</span> <span class='ocrx_word' id='word_1_24' title='bbox 1376 576 1493 615; x_wconf 86' lang='lat' dir='ltr'>inter</span> 
     </span>
     <span class='ocr_line' id='line_1_6' title="bbox 202 635 1495 693; baseline -0.002 -18"><span class='ocrx_word' id='word_1_25' title='bbox 202 636 401 676; x_wconf 86' lang='lat' dir='ltr'>radicem</span> <span class='ocrx_word' id='word_1_26' title='bbox 439 635 607 677; x_wconf 86' lang='lat' dir='ltr'>harum</span> <span class='ocrx_word' id='word_1_27' title='bbox 657 638 905 693; x_wconf 85' lang='lat' dir='ltr'><strong>stirpium,</strong></span> <span class='ocrx_word' id='word_1_28' title='bbox 940 644 985 677; x_wconf 87' lang='lat' dir='ltr'>et</span> <span class='ocrx_word' id='word_1_29' title='bbox 1033 636 1235 679; x_wconf 81' lang='lat' dir='ltr'>radicem</span> <span class='ocrx_word' id='word_1_30' title='bbox 1280 636 1495 691; x_wconf 85' lang='lat' dir='ltr'>stirpium</span> 
     </span>
     <span class='ocr_line' id='line_1_7' title="bbox 201 693 1496 753; baseline -0.001 -18"><span class='ocrx_word' id='word_1_31' title='bbox 201 693 689 750; x_wconf 78' lang='lat' dir='ltr'>dicotyledonearum,</span> <span class='ocrx_word' id='word_1_32' title='bbox 722 703 880 753; x_wconf 83' lang='lat' dir='ltr'>praeter</span> <span class='ocrx_word' id='word_1_33' title='bbox 913 710 966 738; x_wconf 86' lang='lat' dir='ltr'>ea</span> <span class='ocrx_word' id='word_1_34' title='bbox 987 728 999 746; x_wconf 83' lang='lat'>‚</span> <span class='ocrx_word' id='word_1_35' title='bbox 1032 711 1131 752; x_wconf 81' lang='lat' dir='ltr'>quae</span> <span class='ocrx_word' id='word_1_36' title='bbox 1167 697 1396 753; x_wconf 82' lang='lat' dir='ltr'><strong>pertinent</strong></span> <span class='ocrx_word' id='word_1_37' title='bbox 1438 694 1496 734; x_wconf 88' lang='lat' dir='ltr'>ad</span> 
     </span>
     <span class='ocr_line' id='line_1_8' title="bbox 202 754 1495 813; baseline -0.002 -17"><span class='ocrx_word' id='word_1_38' title='bbox 202 762 484 796; x_wconf 83' lang='lat' dir='ltr'>structuram</span> <span class='ocrx_word' id='word_1_39' title='bbox 515 754 650 813; x_wconf 82' lang='lat' dir='ltr'>longe</span> <span class='ocrx_word' id='word_1_40' title='bbox 680 755 936 806; x_wconf 85' lang='lat' dir='ltr'>diversam,</span> <span class='ocrx_word' id='word_1_41' title='bbox 968 757 1167 797; x_wconf 81' lang='lat' dir='ltr'>maxime</span> <span class='ocrx_word' id='word_1_42' title='bbox 1212 755 1397 797; x_wconf 82' lang='lat' dir='ltr'>elucent</span> <span class='ocrx_word' id='word_1_43' title='bbox 1438 769 1495 795; x_wconf 80' lang='lat' dir='ltr'>ex</span> 
     </span>
     <span class='ocr_line' id='line_1_9' title="bbox 201 813 1495 872; baseline -0.001 -17"><span class='ocrx_word' id='word_1_44' title='bbox 201 813 369 856; x_wconf 87' lang='lat' dir='ltr'>habitu</span> <span class='ocrx_word' id='word_1_45' title='bbox 412 813 613 867; x_wconf 76' lang='lat' dir='ltr'>fibram,</span> <span class='ocrx_word' id='word_1_46' title='bbox 658 817 807 872; x_wconf 87' lang='lat' dir='ltr'>specie</span> <span class='ocrx_word' id='word_1_47' title='bbox 852 814 1096 867; x_wconf 78' lang='lat' dir='ltr'>fasciculi,</span> <span class='ocrx_word' id='word_1_48' title='bbox 1141 830 1222 856; x_wconf 91' lang='lat' dir='ltr'>nec</span> <span class='ocrx_word' id='word_1_49' title='bbox 1268 828 1448 856; x_wconf 86' lang='lat' dir='ltr'>ramoso</span> <span class='ocrx_word' id='word_1_50' title='bbox 1484 847 1495 863; x_wconf 92' lang='lat'>‚</span> 
     </span>
     <span class='ocr_line' id='line_1_10' title="bbox 202 872 1497 932; baseline -0.002 -17"><span class='ocrx_word' id='word_1_51' title='bbox 202 877 340 915; x_wconf 87' lang='lat' dir='ltr'>ramis</span> <span class='ocrx_word' id='word_1_52' title='bbox 375 890 399 916; x_wconf 92' lang='lat' dir='ltr'>e</span> <span class='ocrx_word' id='word_1_53' title='bbox 432 882 596 916; x_wconf 77' lang='lat' dir='ltr'>trunco</span> <span class='ocrx_word' id='word_1_54' title='bbox 639 875 792 916; x_wconf 87' lang='lat' dir='ltr'>medio</span> <span class='ocrx_word' id='word_1_55' title='bbox 842 877 1054 917; x_wconf 80' lang='lat' dir='ltr'>crassiori</span> <span class='ocrx_word' id='word_1_56' title='bbox 1099 874 1246 918; x_wconf 88' lang='lat' dir='ltr'>altero</span> <span class='ocrx_word' id='word_1_57' title='bbox 1282 883 1388 932; x_wconf 89' lang='lat' dir='ltr'>post</span> <span class='ocrx_word' id='word_1_58' title='bbox 1433 872 1497 914; x_wconf 89' lang='lat' dir='ltr'>al-</span> 
     </span>
     <span class='ocr_line' id='line_1_11' title="bbox 203 935 749 991; baseline 0.004 -17"><span class='ocrx_word' id='word_1_59' title='bbox 203 942 354 974; x_wconf 87' lang='lat' dir='ltr'>terum</span> <span class='ocrx_word' id='word_1_60' title='bbox 381 935 721 991; x_wconf 84' lang='lat' dir='ltr'>prodeuntibus</span> <span class='ocrx_word' id='word_1_61' title='bbox 739 967 749 976; x_wconf 90' lang='lat'><strong><em>.</em></strong></span> 
     </span>
    </p>

    <p class='ocr_par' dir='ltr' id='par_1_4' title="bbox 203 991 1504 1752">
     <span class='ocr_line' id='line_1_12' title="bbox 262 991 1498 1049; baseline -0.002 -15"><span class='ocrx_word' id='word_1_62' title='bbox 262 993 306 1048; x_wconf 80' lang='lat'>§.</span> <span class='ocrx_word' id='word_1_63' title='bbox 340 1007 439 1049; x_wconf 80' lang='lat'>227.</span> <span class='ocrx_word' id='word_1_64' title='bbox 470 993 843 1035; x_wconf 66' lang='lat' dir='ltr'>Praetereundum</span> <span class='ocrx_word' id='word_1_65' title='bbox 874 1001 1029 1035; x_wconf 89' lang='lat' dir='ltr'>autem</span> <span class='ocrx_word' id='word_1_66' title='bbox 1058 1007 1150 1034; x_wconf 91' lang='lat' dir='ltr'>non</span> <span class='ocrx_word' id='word_1_67' title='bbox 1182 1001 1272 1044; x_wconf 86' lang='lat' dir='ltr'>est,</span> <span class='ocrx_word' id='word_1_68' title='bbox 1298 991 1498 1036; x_wconf 88' lang='lat' dir='ltr'>bulbum</span> 
     </span>
     <span class='ocr_line' id='line_1_13' title="bbox 203 1051 1499 1109; baseline 0 -17"><span class='ocrx_word' id='word_1_69' title='bbox 203 1051 468 1109; x_wconf 88' lang='lat' dir='ltr'>plantarum</span> <span class='ocrx_word' id='word_1_70' title='bbox 525 1052 826 1096; x_wconf 79' lang='lat' dir='ltr'>Liliacearum</span> <span class='ocrx_word' id='word_1_71' title='bbox 882 1060 1034 1097; x_wconf 88' lang='lat' dir='ltr'>totum</span> <span class='ocrx_word' id='word_1_72' title='bbox 1088 1054 1136 1093; x_wconf 90' lang='lat' dir='ltr'>in</span> <span class='ocrx_word' id='word_1_73' title='bbox 1203 1054 1357 1094; x_wconf 82' lang='lat' dir='ltr'>radice</span> <span class='ocrx_word' id='word_1_74' title='bbox 1408 1067 1499 1093; x_wconf 87' lang='lat' dir='ltr'>non</span> 
     </span>
     <span class='ocr_line' id='line_1_14' title="bbox 204 1111 1498 1169; baseline 0 -15"><span class='ocrx_word' id='word_1_75' title='bbox 204 1114 419 1154; x_wconf 87' lang='lat' dir='ltr'>absumi.</span> <span class='ocrx_word' id='word_1_76' title='bbox 451 1112 641 1155; x_wconf 79' lang='lat' dir='ltr'>Scilicet</span> <span class='ocrx_word' id='word_1_77' title='bbox 678 1112 754 1154; x_wconf 87' lang='lat' dir='ltr'>hic</span> <span class='ocrx_word' id='word_1_78' title='bbox 790 1127 912 1163; x_wconf 87' lang='lat' dir='ltr'>una,</span> <span class='ocrx_word' id='word_1_79' title='bbox 951 1111 1025 1156; x_wconf 86' lang='lat' dir='ltr'>vel</span> <span class='ocrx_word' id='word_1_80' title='bbox 1055 1111 1275 1169; x_wconf 88' lang='lat' dir='ltr'>pluribus</span> <span class='ocrx_word' id='word_1_81' title='bbox 1319 1112 1498 1154; x_wconf 87' lang='lat' dir='ltr'>ditatur</span> 
     </span>
     <span class='ocr_line' id='line_1_15' title="bbox 204 1171 1502 1229; baseline 0.001 -17"><span class='ocrx_word' id='word_1_82' title='bbox 204 1174 394 1228; x_wconf 83' lang='lat' dir='ltr'>gemmis</span> <span class='ocrx_word' id='word_1_83' title='bbox 410 1197 432 1223; x_wconf 86' lang='lat'>,·</span> <span class='ocrx_word' id='word_1_84' title='bbox 455 1181 536 1219; x_wconf 87' lang='lat' dir='ltr'>aut</span> <span class='ocrx_word' id='word_1_85' title='bbox 579 1171 826 1223; x_wconf 88' lang='lat' dir='ltr'>bulbillis‚</span> <span class='ocrx_word' id='word_1_86' title='bbox 868 1186 978 1213; x_wconf 78' lang='lat' dir='ltr'>mox</span> <span class='ocrx_word' id='word_1_87' title='bbox 1024 1186 1165 1213; x_wconf 87' lang='lat' dir='ltr'>novas</span> <span class='ocrx_word' id='word_1_88' title='bbox 1209 1171 1422 1229; x_wconf 79' lang='lat' dir='ltr'>plantas,</span> <span class='ocrx_word' id='word_1_89' title='bbox 1454 1179 1502 1213; x_wconf 88' lang='lat' dir='ltr'>et</span> 
     </span>
     <span class='ocr_line' id='line_1_16' title="bbox 203 1230 1499 1282; baseline -0.001 -10"><span class='ocrx_word' id='word_1_90' title='bbox 203 1232 493 1274; x_wconf 85' lang='lat' dir='ltr'>ascendentes</span> <span class='ocrx_word' id='word_1_91' title='bbox 536 1232 694 1275; x_wconf 87' lang='lat' dir='ltr'>caules</span> <span class='ocrx_word' id='word_1_92' title='bbox 724 1232 930 1278; x_wconf 77' lang='lat' dir='ltr'>daturis,</span> <span class='ocrx_word' id='word_1_93' title='bbox 975 1230 1232 1273; x_wconf 81' lang='lat' dir='ltr'>orbiculus</span> <span class='ocrx_word' id='word_1_94' title='bbox 1264 1246 1499 1282; x_wconf 85' lang='lat' dir='ltr'>carnosus,</span> 
     </span>
     <span class='ocr_line' id='line_1_17' title="bbox 203 1289 1502 1348; baseline -0.001 -16"><span class='ocrx_word' id='word_1_95' title='bbox 203 1289 444 1348; x_wconf 85' lang='lat' dir='ltr'>depressus</span> <span class='ocrx_word' id='word_1_96' title='bbox 475 1291 561 1334; x_wconf 90' lang='lat' dir='ltr'>sub</span> <span class='ocrx_word' id='word_1_97' title='bbox 598 1290 748 1336; x_wconf 86' lang='lat' dir='ltr'>bulbo</span> <span class='ocrx_word' id='word_1_98' title='bbox 783 1290 992 1341; x_wconf 88' lang='lat' dir='ltr'>collum,</span> <span class='ocrx_word' id='word_1_99' title='bbox 1024 1292 1119 1332; x_wconf 89' lang='lat' dir='ltr'>sive</span> <span class='ocrx_word' id='word_1_100' title='bbox 1163 1290 1339 1333; x_wconf 88' lang='lat' dir='ltr'>nodum</span> <span class='ocrx_word' id='word_1_101' title='bbox 1382 1293 1502 1334; x_wconf 88' lang='lat' dir='ltr'>vita-</span> 
     </span>
     <span class='ocr_line' id='line_1_18' title="bbox 204 1349 1501 1403; baseline 0.001 -12"><span class='ocrx_word' id='word_1_102' title='bbox 204 1349 296 1392; x_wconf 87' lang='lat' dir='ltr'>lem</span> <span class='ocrx_word' id='word_1_103' title='bbox 325 1353 595 1403; x_wconf 88' lang='lat' dir='ltr'>constituit,</span> <span class='ocrx_word' id='word_1_104' title='bbox 627 1351 751 1393; x_wconf 87' lang='lat' dir='ltr'>unde</span> <span class='ocrx_word' id='word_1_105' title='bbox 781 1351 915 1393; x_wconf 83' lang='lat' dir='ltr'>radix</span> <span class='ocrx_word' id='word_1_106' title='bbox 946 1364 1056 1396; x_wconf 83' lang='lat' dir='ltr'>vera</span> <span class='ocrx_word' id='word_1_107' title='bbox 1101 1351 1189 1393; x_wconf 90' lang='lat' dir='ltr'>sub</span> <span class='ocrx_word' id='word_1_108' title='bbox 1233 1349 1389 1394; x_wconf 83' lang='lat' dir='ltr'>fibrati</span> <span class='ocrx_word' id='word_1_109' title='bbox 1437 1350 1501 1392; x_wconf 88' lang='lat' dir='ltr'>fa-</span> 
     </span>
     <span class='ocr_line' id='line_1_19' title="bbox 204 1409 1504 1470; baseline 0 -18"><span class='ocrx_word' id='word_1_110' title='bbox 204 1410 368 1452; x_wconf 88' lang='lat' dir='ltr'>sciculi</span> <span class='ocrx_word' id='word_1_111' title='bbox 401 1415 549 1469; x_wconf 89' lang='lat' dir='ltr'>specie</span> <span class='ocrx_word' id='word_1_112' title='bbox 579 1409 888 1470; x_wconf 80' lang='lat' dir='ltr'>proficiscitur</span> <span class='ocrx_word' id='word_1_113' title='bbox 910 1443 921 1462; x_wconf 89' lang='lat'>‚</span> <span class='ocrx_word' id='word_1_114' title='bbox 956 1418 1002 1453; x_wconf 90' lang='lat' dir='ltr'>et</span> <span class='ocrx_word' id='word_1_115' title='bbox 1031 1412 1079 1451; x_wconf 89' lang='lat' dir='ltr'>in</span> <span class='ocrx_word' id='word_1_116' title='bbox 1111 1419 1281 1453; x_wconf 87' lang='lat' dir='ltr'>terram</span> <span class='ocrx_word' id='word_1_117' title='bbox 1316 1412 1504 1454; x_wconf 88' lang='lat' dir='ltr'>descen-</span> 
     </span>
     <span class='ocr_line' id='line_1_20' title="bbox 206 1471 1503 1522; baseline 0 -12"><span class='ocrx_word' id='word_1_118' title='bbox 206 1471 302 1512; x_wconf 84' lang='lat' dir='ltr'>dit.</span> <span class='ocrx_word' id='word_1_119' title='bbox 335 1471 606 1522; x_wconf 77' lang='lat' dir='ltr'>Musarum,</span> <span class='ocrx_word' id='word_1_120' title='bbox 639 1479 685 1514; x_wconf 87' lang='lat' dir='ltr'>et</span> <span class='ocrx_word' id='word_1_121' title='bbox 721 1471 1092 1513; x_wconf 82' lang='lat' dir='ltr'>Scitamz&#39;nearum</span> <span class='ocrx_word' id='word_1_122' title='bbox 1127 1471 1276 1513; x_wconf 88' lang='lat' dir='ltr'>caulis</span> <span class='ocrx_word' id='word_1_123' title='bbox 1322 1487 1380 1515; x_wconf 84' lang='lat' dir='ltr'>ex</span> <span class='ocrx_word' id='word_1_124' title='bbox 1425 1486 1503 1512; x_wconf 88' lang='lat' dir='ltr'>su-</span> 
     </span>
     <span class='ocr_line' id='line_1_21' title="bbox 207 1529 1501 1588; baseline 0 -18"><span class='ocrx_word' id='word_1_125' title='bbox 207 1532 517 1588; x_wconf 82' lang='lat' dir='ltr'>perimpositis</span> <span class='ocrx_word' id='word_1_126' title='bbox 567 1530 790 1573; x_wconf 85' lang='lat' dir='ltr'>foliorum</span> <span class='ocrx_word' id='word_1_127' title='bbox 823 1532 1008 1587; x_wconf 77' lang='lat' dir='ltr'>&#39;vaginis</span> <span class='ocrx_word' id='word_1_128' title='bbox 1064 1529 1294 1573; x_wconf 87' lang='lat' dir='ltr'>formatus</span> <span class='ocrx_word' id='word_1_129' title='bbox 1321 1563 1332 1581; x_wconf 90' lang='lat'><strong>‚</strong></span> <span class='ocrx_word' id='word_1_130' title='bbox 1394 1545 1501 1571; x_wconf 88' lang='lat' dir='ltr'>cum</span> 
     </span>
     <span class='ocr_line' id='line_1_22' title="bbox 206 1589 1499 1647; baseline -0.001 -16"><span class='ocrx_word' id='word_1_131' title='bbox 206 1590 324 1631; x_wconf 86' lang='lat' dir='ltr'>nihil</span> <span class='ocrx_word' id='word_1_132' title='bbox 350 1590 480 1631; x_wconf 87' lang='lat' dir='ltr'>aliud</span> <span class='ocrx_word' id='word_1_133' title='bbox 500 1592 574 1641; x_wconf 87' lang='lat' dir='ltr'>sit,</span> <span class='ocrx_word' id='word_1_134' title='bbox 605 1604 745 1647; x_wconf 88' lang='lat' dir='ltr'>quam</span> <span class='ocrx_word' id='word_1_135' title='bbox 766 1597 1046 1646; x_wconf 82' lang='lat' dir='ltr'>protractus,</span> <span class='ocrx_word' id='word_1_136' title='bbox 1080 1598 1125 1630; x_wconf 93' lang='lat' dir='ltr'>et</span> <span class='ocrx_word' id='word_1_137' title='bbox 1156 1589 1373 1632; x_wconf 88' lang='lat' dir='ltr'>evolutus</span> <span class='ocrx_word' id='word_1_138' title='bbox 1394 1590 1499 1632; x_wconf 86' lang='lat' dir='ltr'>bul-</span> 
     </span>
     <span class='ocr_line' id='line_1_23' title="bbox 207 1650 1499 1707; baseline 0.002 -17"><span class='ocrx_word' id='word_1_139' title='bbox 207 1650 322 1699; x_wconf 83' lang='lat' dir='ltr'>bus,</span> <span class='ocrx_word' id='word_1_140' title='bbox 356 1652 624 1692; x_wconf 84' lang='lat' dir='ltr'>sententiam</span> <span class='ocrx_word' id='word_1_141' title='bbox 650 1657 853 1692; x_wconf 85' lang='lat' dir='ltr'>nostram</span> <span class='ocrx_word' id='word_1_142' title='bbox 882 1651 1026 1707; x_wconf 82' lang='lat' dir='ltr'>magis</span> <span class='ocrx_word' id='word_1_143' title='bbox 1056 1650 1293 1707; x_wconf 82' lang='lat' dir='ltr'>magisque</span> <span class='ocrx_word' id='word_1_144' title='bbox 1316 1651 1499 1692; x_wconf 88' lang='lat' dir='ltr'>demon-</span> 
     </span>
     <span class='ocr_line' id='line_1_24' title="bbox 210 1717 355 1752; baseline -0.014 0"><span class='ocrx_word' id='word_1_145' title='bbox 210 1717 325 1752; x_wconf 88' lang='lat' dir='ltr'>strat</span> <span class='ocrx_word' id='word_1_146' title='bbox 345 1741 355 1751; x_wconf 91' lang='lat'><strong><em>.</em></strong></span> 
     </span>
    </p>

    <p class='ocr_par' dir='ltr' id='par_1_5' title="bbox 209 1767 1501 2307">
     <span class='ocr_line' id='line_1_25' title="bbox 270 1767 1501 1827; baseline -0.001 -17"><span class='ocrx_word' id='word_1_147' title='bbox 270 1769 316 1824; x_wconf 79' lang='lat'>§.</span> <span class='ocrx_word' id='word_1_148' title='bbox 360 1770 459 1812; x_wconf 79' lang='lat'>228,</span> <span class='ocrx_word' id='word_1_149' title='bbox 491 1768 597 1811; x_wconf 88' lang='lat' dir='ltr'>Pari</span> <span class='ocrx_word' id='word_1_150' title='bbox 627 1776 763 1827; x_wconf 89' lang='lat' dir='ltr'>pacto</span> <span class='ocrx_word' id='word_1_151' title='bbox 794 1776 979 1820; x_wconf 85' lang='lat' dir='ltr'>errant,</span> <span class='ocrx_word' id='word_1_152' title='bbox 1025 1770 1108 1825; x_wconf 84' lang='lat' dir='ltr'>qui</span> <span class='ocrx_word' id='word_1_153' title='bbox 1138 1767 1381 1811; x_wconf 75' lang='lat' dir='ltr'>Orchidum</span> <span class='ocrx_word' id='word_1_154' title='bbox 1424 1776 1501 1810; x_wconf 87' lang='lat' dir='ltr'>tu-</span> 
     </span>
     <span class='ocr_line' id='line_1_26' title="bbox 210 1828 1500 1887; baseline -0.001 -16"><span class='ocrx_word' id='word_1_155' title='bbox 210 1828 323 1871; x_wconf 86' lang='lat' dir='ltr'>bera</span> <span class='ocrx_word' id='word_1_156' title='bbox 353 1831 439 1871; x_wconf 92' lang='lat' dir='ltr'>sub</span> <span class='ocrx_word' id='word_1_157' title='bbox 470 1828 635 1872; x_wconf 87' lang='lat' dir='ltr'>fibrata</span> <span class='ocrx_word' id='word_1_158' title='bbox 657 1829 812 1872; x_wconf 85' lang='lat' dir='ltr'>radice</span> <span class='ocrx_word' id='word_1_159' title='bbox 841 1829 1054 1887; x_wconf 82' lang='lat' dir='ltr'>degentia</span> <span class='ocrx_word' id='word_1_160' title='bbox 1083 1843 1192 1870; x_wconf 88' lang='lat' dir='ltr'>cum</span> <span class='ocrx_word' id='word_1_161' title='bbox 1223 1830 1375 1872; x_wconf 83' lang='lat' dir='ltr'>radice</span> <span class='ocrx_word' id='word_1_162' title='bbox 1397 1845 1500 1871; x_wconf 89' lang='lat' dir='ltr'>con-</span> 
     </span>
     <span class='ocr_line' id='line_1_27' title="bbox 209 1888 1497 1946; baseline 0.001 -16"><span class='ocrx_word' id='word_1_163' title='bbox 209 1888 437 1931; x_wconf 86' lang='lat' dir='ltr'>fundunt.</span> <span class='ocrx_word' id='word_1_164' title='bbox 474 1890 575 1932; x_wconf 83' lang='lat' dir='ltr'>Haec</span> <span class='ocrx_word' id='word_1_165' title='bbox 611 1891 734 1931; x_wconf 88' lang='lat' dir='ltr'>enim</span> <span class='ocrx_word' id='word_1_166' title='bbox 779 1903 863 1946; x_wconf 88' lang='lat' dir='ltr'>pro</span> <span class='ocrx_word' id='word_1_167' title='bbox 895 1888 1195 1946; x_wconf 83' lang='lat' dir='ltr'>receptaculis</span> <span class='ocrx_word' id='word_1_168' title='bbox 1228 1889 1497 1932; x_wconf 85' lang='lat' dir='ltr'>medullaris</span> 
     </span>
     <span class='ocr_line' id='line_1_28' title="bbox 211 1949 1500 2007; baseline 0 -17"><span class='ocrx_word' id='word_1_169' title='bbox 211 1950 475 1990; x_wconf 80' lang='lat' dir='ltr'>substantiae</span> <span class='ocrx_word' id='word_1_170' title='bbox 531 1963 732 2007; x_wconf 77' lang='lat' dir='ltr'>gemmas</span> <span class='ocrx_word' id='word_1_171' title='bbox 774 1949 1056 1991; x_wconf 87' lang='lat' dir='ltr'>ascendentis</span> <span class='ocrx_word' id='word_1_172' title='bbox 1112 1949 1260 1991; x_wconf 86' lang='lat' dir='ltr'>caulis</span> <span class='ocrx_word' id='word_1_173' title='bbox 1305 1965 1413 1992; x_wconf 85' lang='lat' dir='ltr'>mox</span> <span class='ocrx_word' id='word_1_174' title='bbox 1457 1966 1500 1991; x_wconf 86' lang='lat' dir='ltr'>e-</span> 
     </span>
     <span class='ocr_line' id='line_1_29' title="bbox 212 2008 1499 2052; baseline 0.001 -3"><span class='ocrx_word' id='word_1_175' title='bbox 212 2011 460 2051; x_wconf 73' lang='lat' dir='ltr'>nutritulis</span> <span class='ocrx_word' id='word_1_176' title='bbox 489 2008 726 2051; x_wconf 87' lang='lat' dir='ltr'>habenda.</span> <span class='ocrx_word' id='word_1_177' title='bbox 758 2008 829 2050; x_wconf 85' lang='lat' dir='ltr'>Ita</span> <span class='ocrx_word' id='word_1_178' title='bbox 859 2017 905 2050; x_wconf 90' lang='lat' dir='ltr'>et</span> <span class='ocrx_word' id='word_1_179' title='bbox 952 2011 1001 2050; x_wconf 90' lang='lat' dir='ltr'>in</span> <span class='ocrx_word' id='word_1_180' title='bbox 1047 2008 1327 2052; x_wconf 80' lang='lat' dir='ltr'>Graminibus</span> <span class='ocrx_word' id='word_1_181' title='bbox 1377 2011 1499 2052; x_wconf 84' lang='lat' dir='ltr'>basis</span> 
     </span>
     <span class='ocr_line' id='line_1_30' title="bbox 213 2067 1500 2127; baseline 0 -16"><span class='ocrx_word' id='word_1_182' title='bbox 213 2068 361 2111; x_wconf 86' lang='lat' dir='ltr'>caulis</span> <span class='ocrx_word' id='word_1_183' title='bbox 390 2069 665 2127; x_wconf 88' lang='lat' dir='ltr'>quandoque</span> <span class='ocrx_word' id='word_1_184' title='bbox 695 2072 743 2111; x_wconf 86' lang='lat' dir='ltr'>in</span> <span class='ocrx_word' id='word_1_185' title='bbox 774 2067 1116 2126; x_wconf 85' lang='lat' dir='ltr'>receptaculum</span> <span class='ocrx_word' id='word_1_186' title='bbox 1141 2070 1394 2112; x_wconf 88' lang='lat' dir='ltr'>medullare</span> <span class='ocrx_word' id='word_1_187' title='bbox 1417 2085 1500 2127; x_wconf 88' lang='lat' dir='ltr'>pro</span> 
     </span>
     <span class='ocr_line' id='line_1_31' title="bbox 213 2130 1500 2188; baseline 0.002 -19"><span class='ocrx_word' id='word_1_188' title='bbox 213 2130 470 2171; x_wconf 87' lang='lat' dir='ltr'>nutriendis</span> <span class='ocrx_word' id='word_1_189' title='bbox 527 2131 716 2187; x_wconf 86' lang='lat' dir='ltr'>gemmis</span> <span class='ocrx_word' id='word_1_190' title='bbox 770 2130 1015 2171; x_wconf 79' lang='lat' dir='ltr'>extuberat</span> <span class='ocrx_word' id='word_1_191' title='bbox 1050 2146 1062 2179; x_wconf 91' lang='lat'>;</span> <span class='ocrx_word' id='word_1_192' title='bbox 1115 2132 1321 2188; x_wconf 86' lang='lat' dir='ltr'>quinimo</span> <span class='ocrx_word' id='word_1_193' title='bbox 1371 2145 1500 2172; x_wconf 75' lang='lat' dir='ltr'>omne</span> 
     </span>
     <span class='ocr_line' id='line_1_32' title="bbox 216 2188 1501 2248; baseline 0.002 -19"><span class='ocrx_word' id='word_1_194' title='bbox 216 2188 363 2230; x_wconf 88' lang='lat' dir='ltr'>culmi</span> <span class='ocrx_word' id='word_1_195' title='bbox 405 2189 717 2232; x_wconf 84' lang='lat' dir='ltr'>internodium</span> <span class='ocrx_word' id='word_1_196' title='bbox 759 2188 1078 2248; x_wconf 88' lang='lat' dir='ltr'>hujuscemodi</span> <span class='ocrx_word' id='word_1_197' title='bbox 1128 2191 1305 2234; x_wconf 85' lang='lat' dir='ltr'>tuberis</span> <span class='ocrx_word' id='word_1_198' title='bbox 1353 2189 1501 2234; x_wconf 89' lang='lat' dir='ltr'>officio</span> 
     </span>
     <span class='ocr_line' id='line_1_33' title="bbox 222 2247 464 2307; baseline 0.009 -17"><span class='ocrx_word' id='word_1_199' title='bbox 222 2247 464 2307; x_wconf 83' lang='lat' dir='ltr'>fungitur.</span> 
     </span>
    </p>
   </div>
  </div>
 </body>
</html>
