1669 2563
1281 167 1361 210 271

206 269 480 325 Fastigiatzts
502 298 513 315 ,
547 280 650 305 cum
685 263 794 303 rami
846 261 1109 318 pertIngunt
1141 258 1196 299 ad
1229 258 1430 300 eamdem

148 330 437 372 altitudinem
467 359 476 367 .

209 391 404 436 Patous,
437 398 542 425 cum
589 383 702 422 rami
746 379 923 422 faciunt
973 376 1195 434 angulum
1240 385 1430 418 acutum

147 465 252 491 cum
284 445 415 488 caule
444 476 454 486 .

206 506 399 550 Patulus
423 535 433 553 ,
466 517 570 543 cum
602 502 714 542 rami
766 497 941 540 faciunt
990 494 1211 553 angulum
1262 502 1439 536 rectum

149 583 256 610 cum
287 562 417 605 caule
438 594 448 603 .

212 625 507 668 Divaricatus
526 653 537 672 ,
568 635 676 662 cum
709 619 821 660 rami
853 614 1024 674 angulo
1074 614 1239 656 obtuso
1290 612 1443 654 diver-

150 693 262 744 gunt
295 700 321 724 a
358 682 490 724 caule
517 713 527 723 .

207 742 419 801 Diffusus
446 774 457 793 ‚
509 742 602 797 jam
652 754 679 780 a
729 738 828 780 basi
880 749 1084 778 ramosus
1110 767 1121 786 ‚
1177 733 1313 773 ramis
1364 746 1445 788 pa-

151 804 262 846 tulis
286 835 296 846 .

211 861 456 918 Stolonifer
481 893 492 912 ,
527 861 795 918 propagines
829 855 1004 899 steriles
1025 887 1036 906 ,
1086 852 1270 896 foliatas
1291 882 1308 904 ,
1340 864 1448 908 pro-

156 931 321 966 stratas
352 939 374 964 e
406 923 503 964 basi
535 922 746 961 emittens
773 950 783 959 .

154 984 286 1025 Rami
319 983 536 1023 dicuntur

213 1043 408 1100 Sparsi,
452 1056 558 1082 cum
587 1040 800 1080 oriuntur
851 1035 966 1077 locis
1016 1034 1207 1075 diversis
1258 1029 1405 1073 caulis
1441 1062 1452 1079 ‚

155 1103 287 1144 nullo
320 1103 477 1143 ordine
510 1108 686 1142 servato
713 1131 723 1140 .

215 1163 420 1214 Alterni‚
452 1163 533 1218 qui
566 1159 712 1202 veluti
745 1173 824 1216 per
873 1154 1042 1214 gradus
1094 1168 1219 1211 aeque
1271 1151 1454 1192 dissitos

159 1230 279 1265 stant
309 1224 355 1263 in
386 1220 519 1263 caule
545 1252 554 1262 .

217 1282 444 1332 Disticlzi,
476 1281 556 1338 qui
588 1279 643 1320 ad
680 1277 773 1319 duo
804 1276 950 1317 latera
981 1275 1191 1332 opposita
1215 1270 1363 1314 caulis
1386 1286 1454 1311 re-

160 1345 393 1401 spiciunt,
425 1342 533 1384 licet
565 1339 869 1396 undequaque
899 1337 997 1377 nati
1022 1366 1033 1377 .

221 1402 435 1459 Oppositi
466 1416 546 1459 per
572 1401 700 1457 paria
725 1431 734 1440 .

218 1463 495 1512 Decassan,
540 1462 622 1518 qui
671 1457 947 1500 decussatim
991 1454 1230 1512 oppositi,
1264 1451 1366 1492 ideo
1410 1457 1456 1491 et

161 1523 378 1565 brachiati
399 1555 409 1564 .

226 1583 270 1627 V
267 1583 489 1624 erticillati
509 1614 520 1632 ‚
552 1578 768 1638 pluribus
798 1575 978 1618 caulem
1010 1573 1067 1616 ad
1113 1571 1326 1632 genicula
1367 1571 1460 1611 Cir-

169 1643 518 1685 cumdantibus.

220 1702 409 1753 Stricti,
442 1702 607 1751 erecti,
640 1699 892 1747 coarctati,
927 1694 1034 1753 plus
1070 1696 1222 1736 minus
1272 1690 1328 1732 ad
1364 1705 1460 1748 per-

164 1762 461 1820 pendiculum
491 1760 755 1802 accedentes
773 1790 784 1800 .

220 1823 436 1865 Patentes
455 1854 465 1872 ‚
493 1819 664 1878 angulo
696 1825 833 1859 acuto
864 1831 970 1857 cum
1002 1813 1139 1856 caule
1163 1846 1174 1855 .

222 1882 513 1938 Divergentes
543 1896 568 1922 a
598 1878 731 1920 caule
763 1875 933 1934 angulo
965 1883 1089 1917 recto
1115 1907 1126 1916 .

223 1943 481 1985 Divaricati
509 1939 679 1997 angulo
711 1939 876 1980 obtuso
905 1950 1011 1977 cum
1042 1933 1174 1977 caule
1202 1965 1212 1974 .

226 2003 407 2058 Deflexi
432 2035 442 2053 ,
475 2016 587 2043 arcu
619 1999 741 2041 facto
766 2030 777 2048 ‚
809 1997 1023 2038 deorsum
1067 1993 1306 2036 reclinati.

226 2062 428 2118 Refleffl,
461 2062 518 2103 ad
542 2056 923 2118 perpendiculum
956 2055 1261 2112 dependentes
1286 2084 1295 2094 .

229 2123 424 2164 Penduli
446 2154 457 2172 ‚
484 2123 683 2179 primum
713 2119 883 2167 erecti,
915 2115 988 2157 vel
1023 2122 1250 2172 patentes,
1274 2110 1465 2157 deinde,

172 2197 286 2224 arcu
317 2180 439 2223 facto
462 2213 474 2231 ‚
503 2179 681 2222 flaccidi
701 2210 712 2230 ,
746 2177 1065 2220 descendentes
1095 2174 1190 2217 fere
1223 2187 1369 2229 usque
1411 2170 1470 2211 ad

174 2251 342 2285 terram
366 2273 376 2282 .

236 2300 512 2357 Retroflexi,
544 2299 661 2341 idest
691 2297 929 2339 divaricati
952 2329 963 2346 ,
993 2303 1038 2337 ct
1069 2293 1151 2337 alii
1183 2306 1321 2350 supra
1354 2290 1469 2332 alios

178 2363 411 2405 recurvati
443 2375 468 2401 a
499 2360 685 2403 summis
716 2358 772 2399 ad
798 2358 909 2398 imos
931 2387 940 2396 .
