1669 2563
1300 153 1384 194 283

215 269 648 326 opposite-pinnata
673 296 684 312 ,
718 262 901 318 pinnata
926 291 936 310 ,
969 256 1143 300 foliolis
1171 257 1391 313 oppositis
1409 289 1420 297 .

214 328 694 381 Alternatim-pinnata
719 353 730 370 ‚
765 321 951 376 pinnata
980 351 991 368 ‚
1024 315 1198 357 foliolis
1225 316 1412 357 alternis
1438 346 1448 356 .

217 386 690 442 Interrupte-pinnata
717 412 728 430 ‚
771 380 992 436 pinnata,
1038 374 1213 416 foliolis
1265 374 1454 416 alternis

160 449 417 492 minoribus
445 477 454 486 .

215 503 675 558 Decursive-pinnata
703 531 714 548 ,
756 498 973 554 pinnata,
1018 490 1193 535 foliolis
1223 494 1269 532 in
1314 493 1457 547 petio-

157 566 257 608 lum
287 576 571 607 communem
615 556 1004 605 decurrentibus,
1050 554 1132 609 qui
1177 552 1243 591 ita
1285 549 1455 590 dicitur

162 627 313 668 alatus
339 656 349 666 .

219 685 482 740 C'onjugata
509 713 520 732 ‚
566 680 754 738 pinnata
780 709 793 727 ,
844 671 1006 717 foliolo
1038 671 1258 727 utrinque
1299 667 1460 710 solita-

160 759 231 788 110
258 776 268 786 .

216 804 422 859 Bijuga‚
457 801 628 856 trijuga
653 830 664 849 ,
697 796 972 856 quadrijuga
1001 824 1012 843 ,
1045 792 1250 849 pinnata,
1283 786 1460 829 foliolis

162 864 347 905 duobus
371 895 382 914 ,
416 861 566 903 tribus
590 892 601 910 ‚
634 867 835 915 quatuor
865 857 912 896 in
943 854 1108 909 quovis
1139 849 1280 890 latere
1306 880 1318 898 ‚
1359 846 1462 887 ideo

162 931 363 982 quatuor
390 955 401 974 ,
436 937 511 962 sex
532 952 543 971 ,
577 926 679 960 octo
713 920 760 958 in
794 924 890 957 toto
916 913 1030 954 folio
1060 946 1070 955 .

229 982 542 1039 Trifoliolata‚
569 979 830 1035 conjugata,
864 971 1054 1022 sessum,
1076 984 1180 1013 cum
1202 969 1367 1026 impari
1394 982 1468 1024 pe-

167 1043 386 1085 tiolulato
413 1074 423 1084 .

222 1102 546 1159 Decomposita
572 1131 586 1154 ,
629 1112 735 1141 cum
781 1093 982 1155 petiolus
1029 1090 1277 1150 primarius
1327 1085 1467 1128 semel

164 1164 340 1205 divisus
373 1163 491 1220 gerit
522 1157 684 1202 foliola
715 1155 851 1216 plura
872 1188 888 1208 ,
921 1152 1094 1196 sessilia
1115 1184 1128 1203 ‚
1159 1148 1234 1192 vel
1266 1146 1470 1206 petiolu-

165 1224 284 1274 lata‚
336 1224 401 1264 ita
451 1228 504 1262 ut
558 1231 840 1275 unaquaeque
891 1229 995 1274 pars
1045 1209 1207 1270 petioli
1265 1208 1472 1267 primarii

166 1282 333 1326 efficiat
371 1280 537 1324 folium
568 1280 872 1336 compositum
899 1307 909 1316 .

227 1343 463 1398 Bigemina
490 1372 502 1391 ‚
535 1354 640 1380 cum
673 1336 871 1395 petiolus
904 1334 1152 1394 primarius
1184 1327 1351 1372 bifidus
1384 1325 1474 1367 fert

172 1402 334 1446 foliola
377 1408 577 1460 quatuor
622 1395 899 1456 petiolulata
926 1427 937 1446 ,
983 1393 1085 1435 ideo
1135 1391 1207 1433 bis
1263 1389 1472 1447 geminus

169 1472 274 1513 est,
310 1463 403 1504 sive
437 1461 585 1518 primo
610 1459 786 1503 divisus
815 1458 863 1496 in
894 1462 1044 1513 partes
1075 1452 1189 1494 duas
1213 1483 1225 1502 ,
1273 1447 1474 1491 secundo

170 1526 218 1565 in
252 1529 400 1579 partes
427 1528 627 1579 quatuor
647 1552 657 1561 .

230 1582 472 1624 Biternata
494 1613 504 1631 ,
534 1595 641 1621 eum
673 1575 873 1635 petiolus
904 1575 1152 1632 primarius
1181 1567 1363 1613 trifidus
1394 1581 1473 1608 su-

173 1644 312 1686 stinet
343 1639 507 1684 foliola
538 1654 701 1681 novem
730 1634 1008 1696 petiolulata
1032 1666 1043 1685 ‚
1075 1633 1179 1675 ideo
1214 1632 1284 1673 bis
1324 1637 1476 1669 terna-

172 1710 249 1744 tus
281 1710 378 1752 est,
411 1703 504 1742 sive
537 1702 687 1758 primo
732 1698 907 1740 divisus
949 1696 997 1736 in
1041 1700 1194 1753 partes
1243 1698 1335 1731 tres
1359 1721 1370 1739 ‚
1406 1702 1475 1728 se-

177 1763 332 1804 cundo
362 1763 410 1803 in
442 1769 596 1819 partes
626 1773 810 1800 novem.

235 1822 492 1879 Bipinnata
523 1852 533 1870 ‚
563 1835 669 1861 cum
702 1817 815 1859 folia
847 1817 1036 1874 pinnata
1081 1811 1330 1869 affiguntur
1361 1806 1480 1849 late-

178 1884 308 1925 ribus
339 1879 501 1941 petioli
545 1879 799 1921 communis
850 1874 1105 1932 simplicis;
1138 1886 1281 1930 quare
1332 1875 1482 1909 totum

178 1942 345 1984 folium
379 1941 533 1983 evadit
564 1938 1070 1996 duplicato-pinnatum
1089 1966 1099 1976 .

244 2002 724 2059 Supradecomposita‚
756 2012 862 2039 cum
894 1994 1093 2054 petiolas
1125 1989 1373 2051 primarius
1414 1986 1486 2027 bis

182 2062 357 2104 divisus
381 2063 573 2103 sustinet
605 2058 768 2102 foliola
799 2056 934 2115 plura
954 2089 964 2107 ‚
998 2053 1172 2097 sessilia
1192 2084 1203 2102 ‚
1234 2049 1309 2092 vel
1341 2049 1486 2106 petio-

181 2121 330 2163 lulata
350 2154 360 2171 ‚
387 2123 452 2162 ita
482 2128 534 2161 ut
566 2131 755 2177 quaeque
791 2117 956 2158 divisio
990 2115 1209 2173 primaria
1236 2108 1397 2169 petioli
1421 2122 1487 2147 re-

181 2183 298 2225 ferat
328 2179 492 2222 folium
522 2180 885 2236 decompositum
910 2209 919 2217 .

246 2241 507 2282 Triternata
530 2272 541 2290 ‚
573 2254 678 2281 cum
715 2236 914 2295 petiolus
946 2235 1194 2293 primarius
1230 2231 1488 2272 bit-ernatus

190 2304 306 2361 gerit
338 2299 500 2342 foliola
530 2301 692 2357 viginti
725 2305 894 2354 septem
927 2292 1234 2353 petiolulata3
1269 2288 1370 2330 ideo
1417 2294 1484 2327 ter
