1669 2563
243 84 331 134 204

245 186 523 240 Tubulosus‚
556 188 681 230 intus
711 200 855 230 cavus
883 219 892 229 .
931 186 1207 230 Contrarius
1252 188 1360 243 huic
1411 203 1484 230 so-

179 247 299 291 lidus
325 276 335 286 .

240 309 546 363 Longissimus
577 340 588 358 ‚
639 308 914 352 brevissimus
943 340 956 360 ‚
1009 308 1184 364 longior
1218 343 1228 360 ‚
1283 308 1484 359 brevior,

181 369 367 425 aequalis
403 367 666 410 staminibus
694 401 704 411 .

238 427 435 470 Exertus
454 461 465 479 ‚
502 429 700 471 inclusus
722 461 733 480 ‚
760 428 914 486 quoad
944 427 1167 472 corollam
1194 462 1204 470 .

237 488 462 545 Simplex,
484 488 624 544 fissus
645 522 656 540 ,
687 489 847 545 bifidus
874 522 885 541 ‚
920 488 1094 543 trifidus
1119 522 1129 540 ,
1164 492 1244 531 &a
1264 521 1274 539 ‚
1303 488 1488 543 multifi-

180 548 291 598 dus,
341 563 446 591 cum
488 548 715 593 indivisus
741 582 751 601 ,
784 549 858 593 vel
889 550 1064 592 divisus
1113 552 1294 592 circiter
1342 565 1488 607 usque

180 607 239 650 ad
272 608 563 651 medietatem
578 625 592 651 ’.

237 667 444 710 Partitus
465 701 476 720 ,
517 667 756 724 bipartitus
783 702 793 721 ,
839 672 1118 728 tripartitus,
1168 671 1249 712 &a
1281 702 1292 720 ‚
1339 671 1489 710 multi-

172 730 414 784 partitus,
467 743 574 770 cum
622 729 849 786 profunde
902 738 1052 773 sectus
1100 729 1194 772 fere
1240 745 1386 787 usque
1426 730 1479 770 ad

183 788 331 829 basim
362 819 372 830 .

238 846 541 889 Dichotomus
564 879 575 897 ‚
608 862 714 889 cum
738 848 810 890 bis
834 847 1063 892 bifurcus,

240 906 410 948 Rectus
432 937 443 956 ‚
485 905 570 947 vel·
609 911 879 959 ascendens,
924 906 1117 949 flexione
1169 923 1325 950 carens
1345 942 1356 959 ‚
1413 908 1486 951 vel

181 972 405 1026 sequutus
436 964 617 1008 labium
651 969 861 1024 superius
886 969 931 1008 in
963 967 1141 1010 corolia
1165 968 1366 1010 labiata.

240 1018 445 1081 In'flexus
472 1058 483 1077 ,
517 1026 710 1083 reflexus
747 1029 877 1085 apice
923 1042 1006 1070 suo
1058 1027 1199 1070 relate
1247 1028 1305 1069 ad
1359 1043 1489 1070 axem

177 1083 330 1127 floris.

238 1144 544 1197 Declinatus,
577 1161 684 1188 cum
715 1146 773 1188 ad
804 1146 929 1189 latus
960 1145 1156 1190 inferius
1199 1145 1324 1189 floris
1369 1148 1488 1188 irre-

177 1204 353 1263 gularis
385 1205 619 1260 dejectus,
642 1195 835 1250 subinde
859 1207 1022 1250 leniter
1053 1223 1294 1266 assurgens
1327 1210 1489 1265 apice.

238 1264 558 1318 Geniculatus‚
587 1269 720 1310 initio
747 1276 901 1311 rectus
929 1301 940 1320 ‚
973 1282 1081 1310 mox
1113 1270 1178 1310 ita
1186 1242 1364 1311 osseXUS
1393 1301 1404 1320 ,
1439 1276 1492 1309 ut

181 1324 408 1383 angulum
440 1327 736 1369 rectilineum
768 1327 945 1371 faciat.

236 1386 462 1441 Spiralis‚
494 1402 602 1429 curn
632 1388 795 1431 helicis
826 1393 969 1431 instar
1001 1396 1240 1431 contortus
1259 1421 1270 1431 .

243 1446 440 1498 Glaber,
475 1449 661 1490 villosus
695 1465 722 1491 a
756 1448 994 1508 superficie
1028 1465 1137 1491 sua.

243 1506 481 1559 Caducus,
514 1523 810 1561 marcescens,
845 1512 1134 1568 g·ene1atione
1161 1516 1369 1568 peracta.

243 1566 492 1610 Persistens
519 1601 530 1620 ,
564 1584 757 1613 crescens
788 1586 895 1613 cum
927 1569 1117 1612 fructu.

182 1623 358 1683 Stigma
387 1627 462 1670 Vel
509 1629 677 1671 insidet
720 1630 826 1674 stilo
849 1664 861 1682 ,
893 1630 969 1674 vel
999 1630 1105 1673 stilo
1137 1636 1270 1672 caret
1297 1661 1308 1679 ‚
1349 1636 1394 1671 et
1425 1629 1492 1670 di-

184 1687 309 1727 citur
341 1689 489 1731 sessile
513 1722 522 1732 .
555 1688 699 1731 Ludit

252 1746 444 1789 Unicum
468 1781 479 1799 ,
528 1750 729 1805 duplex,
778 1751 943 1807 triplex
988 1751 1085 1801 ἃς,
1136 1750 1404 1805 multiplex.
1452 1750 1491 1790 A

181 1820 376 1848 numero
411 1810 675 1866 stigmatum
707 1809 1038 1852 determinatur
1083 1825 1301 1852 numerus
1346 1809 1493 1851 foemi-

181 1881 348 1908 narum
367 1899 379 1918 ‚
412 1883 516 1910 cum
549 1869 674 1911 deest
698 1870 831 1912 stilus
856 1903 865 1912 .

242 1925 482 1983 Simplex,
530 1931 718 1971 divisum
744 1962 755 1981 ,
809 1929 997 1973 bilobum
1024 1964 1034 1982 ,
1091 1929 1295 1972 trilobum
1349 1931 1448 1972 ὣς.
1476 1963 1487 1981 ,

185 1984 396 2041 bifidum,
446 1989 668 2044 trifidum,
703 1992 999 2057 quadrifidum
1041 1992 1122 2032 ὃέ.
1147 2024 1158 2042 ,
1189 1990 1488 2046 multifidum,

180 2048 279 2089 sive
313 2048 602 2091 laciniatum.

247 2106 442 2150 Acutum
469 2142 480 2161 ,
514 2109 713 2153 obtusum
733 2143 743 2162 ,
784 2120 1034 2153 truncatum
1053 2143 1069 2164 ,
1111 2110 1336 2153 Izamatum
1360 2143 1370 2162 ‚
1422 2125 1492 2152 se-

179 2167 453 2211 milunatum
474 2203 484 2220 ‚
534 2174 794 2226 sagittatum
820 2204 831 2223 ‚
883 2172 1108 2213 clavatum
1132 2204 1142 2222 ,
1200 2171 1451 2213 stibulatum
1475 2205 1487 2223 ,

173 2226 393 2285 filiforme
415 2262 427 2280 ‚
460 2232 679 2288 trigonum
696 2264 708 2284 ,
742 2240 1017 2290 tetragonum
1041 2265 1053 2284 ‚
1082 2241 1407 2290 pentagonum.
