1669 2563
1288 176 1363 205 111

121 278 178 304 ex
210 264 463 307 substantia
494 265 711 320 utrinque
764 265 813 303 in
838 260 1070 304 lamellam
1115 266 1326 322 stipatam
1351 267 1428 310 ab-

121 332 257 365 eunte
276 358 287 375 ‚
329 340 526 382 quarum
558 322 848 364 lamellarum
872 355 883 373 ‚
915 337 1011 380 quae
1051 333 1234 366 externa
1255 358 1266 375 ,
1288 329 1430 384 rnagIs

120 399 333 440 expansa,
351 387 539 440 integra,
560 384 849 439 minimisque
880 382 1065 440 papillis
1090 383 1328 440 superficie
1348 402 1429 427 sua

121 452 263 485 scatet
287 476 298 493 ‚
348 446 524 484 interna
573 457 679 484 vero
729 446 1007 484 contractior
1043 475 1053 493 ‚
1106 458 1186 500 per
1241 444 1429 501 longum

121 505 307 552 rimosa,
341 504 543 544 siccitate
582 504 831 560 corripitur
858 535 869 554 ,
901 503 1173 544 humiditate
1208 502 1392 544 laxatur
1418 537 1428 546 .

119 561 319 603 Anthera
343 594 353 612 ,
384 576 491 603 cum
520 561 805 604 filamentum
829 563 956 604 adest
978 596 989 614 ,
1013 565 1058 604 in
1085 565 1310 621 superiori
1333 564 1431 618 ejus

121 630 247 680 parte
292 623 405 664 sita.
442 622 716 680 Cuicumque
748 625 930 681 corpori
963 623 1053 664 haec
1086 623 1276 673 haereat,
1323 638 1430 680 pars

121 682 286 723 haerens
318 681 490 723 dicitur
522 682 640 724 basis
661 715 672 733 ‚
705 692 749 725 et
779 698 875 741 quae
897 699 999 740 pars
1037 683 1094 725 ad
1141 682 1428 724 fundendum

120 740 276 798 pollen
321 741 515 783 dehiscit
538 743 713 800 ,facies
751 743 1043 801 appellatum
1076 742 1214 785 facies
1246 743 1334 785 haec
1353 757 1427 783 sae-

119 816 176 863 pe
196 800 380 843 foeminae
412 803 616 846 obversa.
647 802 786 846 Color
819 803 1114 846 antherarum
1134 804 1304 855 varius,
1334 802 1427 860 ple-

122 876 317 918 rumque
352 870 501 904 tamen
531 863 686 906 luteus
714 897 724 906 .
777 863 950 906 Earum
983 865 1194 914 scissura,
1217 871 1261 904 et
1283 863 1431 904 forma

119 922 404 980 multiplex3
438 932 634 981 utraque
665 933 877 967 constans
910 927 958 967 in
990 926 1114 967 omni
1147 925 1295 981 specie
1325 956 1334 965 .
1357 923 1429 964 In-

119 990 196 1024 tus
221 984 268 1023 in
293 982 460 1024 loculis
494 986 706 1041 genitura
735 1018 744 1027 .

179 1042 223 1098 §.
257 1044 361 1096 344,
397 1043 546 1086 Sicuti
578 1044 717 1102 plura
750 1042 983 1086 filamenta
1028 1043 1259 1085 interdum
1306 1044 1425 1084 inter

122 1117 166 1144 se
199 1118 242 1144 se
273 1103 637 1163 conjunguntur,
670 1107 734 1146 ita
765 1113 808 1147 et
840 1104 997 1162 plures
1029 1104 1223 1145 antherae
1245 1135 1257 1156 ,
1304 1103 1425 1143 unde

120 1163 473 1219 synantlzerium‚
526 1172 572 1206 et
619 1162 750 1207 flores
806 1164 1062 1222 synantlzerc'
1118 1165 1427 1205 recentiorum

122 1231 372 1265 nascuntur
393 1255 404 1269 .
872 1251 876 1255 ·

185 1283 228 1341 §.
263 1283 363 1337 345.
399 1283 559 1325 Pollen
609 1290 677 1325 est
727 1284 981 1325 substantia
1042 1284 1163 1323 intra
1215 1281 1428 1323 anthera-

123 1358 228 1384 rum
258 1342 440 1385 loculos
472 1351 700 1395 contenta,
732 1358 828 1400 quae
854 1358 960 1384 cum
1005 1342 1291 1399 exploditur,
1345 1340 1426 1383 foe-

123 1405 268 1443 minas
299 1401 526 1444 foecundat
551 1405 598 1443 in
622 1401 828 1445 floribus.
856 1403 1007 1444 Datur
1036 1403 1121 1444 suh
1147 1402 1293 1444 forma
1322 1401 1428 1458 pul-

122 1464 241 1504 veris
271 1465 524 1518 praetenuis,
548 1462 621 1503 vel
653 1477 801 1504 massae
833 1461 1006 1512 solidae,
1040 1461 1144 1518 plus
1175 1464 1323 1502 minus
1348 1477 1429 1501 ex-

124 1530 277 1563 tensae.
310 1521 442 1563 Prius
473 1521 595 1563 ludit
625 1524 777 1579 granis
800 1520 1050 1578 pulvisculi
1078 1520 1293 1577 globosis,
1321 1520 1428 1560 elli-

123 1583 273 1641 pticis,
291 1581 608 1637 cylindraceis,
628 1582 944 1639 pyramidatis‚
967 1583 1153 1631 comicis,
1173 1579 1423 1637 polyedris.

124 1641 433 1683 Guilleminus
472 1650 604 1699 putat
635 1674 647 1695 ,
681 1640 932 1699 ellipticam
959 1673 970 1692 ‚
1005 1639 1079 1681 vel
1135 1640 1424 1696 ellipsoidem

123 1700 317 1744 formam
362 1703 470 1744 huic
503 1702 684 1761 pulveri
715 1717 741 1743 a
771 1709 938 1743 natura
969 1701 1194 1757 praecipue
1218 1700 1427 1749 inditam,

125 1772 178 1804 ut
208 1763 266 1804 ab
299 1777 351 1805 ea
382 1770 539 1820 postea
581 1761 766 1819 reliquae
811 1760 999 1820 pollinis
1050 1759 1202 1805 formae
1227 1791 1238 1811 ,
1272 1763 1432 1817 paucis

123 1824 390 1873 immutatis,
424 1821 819 1881 proficiscerentur
840 1854 849 1864 .
877 1821 931 1866 Id
958 1821 1182 1864 theoriam
1214 1819 1325 1871 olet,
1351 1822 1430 1864 cui

127 1897 282 1924 rerum
307 1891 473 1925 natura
506 1882 763 1928 reluctatur
788 1914 798 1924 .

188 1942 232 1996 ς.
266 1942 365 1996 346.
398 1942 563 1985 Forma
589 1942 776 2002 pollinis
808 1941 965 1983 eadem
1010 1948 1232 1999 perpetuo
1287 1948 1354 1982 est
1383 1941 1431 1982 in

130 2002 290 2046 iisdem
318 2005 572 2060 speciebus,
606 2012 650 2045 et
680 2005 726 2044 in
748 2002 906 2044 eodem
932 2017 1110 2059 genere,
1144 2000 1429 2057 familiaque,

131 2068 213 2104 aut
255 2064 390 2104 etiam
420 2066 467 2105 in
497 2064 756 2121 generibus,
789 2061 1068 2119 familiisque
1100 2063 1322 2119 proximis
1353 2063 1431 2116 ju-

132 2128 211 2160 xta
241 2123 576 2166 observationes
606 2126 751 2182 ipsius
782 2122 1050 2165 Guillemini
1072 2153 1082 2163 .
1108 2121 1248 2163 Color
1280 2124 1430 2162 variat

131 2179 283 2231 albus,
313 2181 482 2234 luteus,
502 2184 739 2235 caeruleus,
770 2182 947 2233 viridis,
975 2196 1179 2232 croceus,
1205 2196 1395 2223 carneus
1414 2212 1427 2230 ‚

135 2241 323 2291 rubens;
356 2250 553 2286 attamen
580 2243 717 2301 'color
750 2242 902 2285 luteus
945 2241 1230 2300 frequentior
1263 2273 1273 2282 .
1316 2241 1430 2281 Item

133 2316 276 2358 grana
307 2301 494 2360 pollinis
531 2302 604 2346 vel
650 2301 890 2362 superficie
911 2316 1103 2361 prorsus
1150 2301 1274 2344 laevia
1301 2331 1313 2351 ‚
1356 2298 1430 2342 vel
