1669 2563
299 134 380 179 108

291 242 337 298 §.
369 240 471 285 335.
502 237 605 282 Lux
629 238 884 300 plurimum
914 239 1037 283 valet
1067 236 1124 282 ad
1153 236 1357 282 colorem
1402 234 1529 281 floris

234 302 510 345 eliciendum
529 331 540 343 1
564 300 744 343 Etenim
783 301 1078 360 quamplures
1108 298 1256 351 flores,
1289 300 1433 341 donec
1465 301 1531 339 ina

238 371 310 405 tra
333 362 537 418 calycem
569 362 770 413 occlusi,
803 362 876 405 vel
909 361 991 404 ubi
1023 362 1241 403 umbroso
1269 359 1372 402 loco
1424 361 1541 410 orti,

237 423 434 481 pallent5
456 430 501 464 et
521 430 629 464 tunc
650 422 832 464 demum
846 422 1046 464 colorem
1070 422 1406 478 adipiscuntur,
1426 434 1534 460 cum

236 483 398 525 solaris
447 483 604 524 radius
655 482 765 524 illos
810 482 1052 541 percellit.
1113 482 1173 523 At
1215 495 1287 523 res
1333 482 1419 521 ista
1450 493 1534 520 nec

238 543 494 594 sufficiens,
525 557 607 584 nec
630 551 837 585 constans
856 574 866 585 .
897 542 957 584 Et
982 542 1084 593 lux,
1117 550 1163 583 et
1192 541 1408 597 chymieae
1440 537 1538 581 ele-

235 611 496 645 mentorum
526 602 782 655 affinitates,
805 604 1168 660 junctionesque‚
1195 616 1291 658 quae
1314 603 1363 641 in
1391 597 1540 641 corol-

236 663 288 704 lae
334 664 588 706 substantia
627 665 928 721 contingunt,
958 662 1103 705 colori
1148 660 1373 704 eliciendo
1399 662 1540 701 inser-

235 725 386 775 viunt,
418 731 472 765 ut
502 731 623 765 recte
651 723 769 765 dixit
798 722 1113 774 Lamarckius‚
1138 720 1321 763 collatis
1341 723 1414 771 iis,
1441 733 1540 776 quae

239 784 460 826 accidunt
505 785 553 825 in
578 781 687 825 flore
707 815 718 834 ,
750 798 859 825 eum
891 786 949 825 iis
972 816 983 834 ‚
1016 797 1114 840 quae
1148 780 1265 823 fiunt
1295 782 1343 822 in
1374 779 1536 829 foliis,

237 845 465 902 praecipue
495 858 603 886 cum
632 843 723 885 haec
755 852 950 900 vergunt
970 843 1028 884 ad
1059 844 1300 884 interitum
1322 870 1334 882 .

298 903 343 959 §.
376 903 478 945 336.
509 904 793 956 Quaesierunt
822 905 1086 953 anatomici,
1111 917 1137 943 a
1157 917 1250 959 qua
1269 899 1417 942 caulis
1441 914 1545 957 par-

239 969 282 1004 te
311 962 490 1004 corolla
514 961 836 1020 proficiscitur,
870 969 1011 1019 prout
1039 962 1087 1003 id
1118 963 1358 1018 quaesitum
1389 959 1544 1002 fuerat

239 1023 296 1064 de
326 1022 514 1078 calyce.
545 1021 751 1064 Grewius
770 1053 782 1072 ‚
813 1021 1022 1063 Linnaeus
1046 1053 1057 1071 ‚
1089 1020 1262 1077 aliique
1286 1048 1299 1070 5
1331 1020 1442 1060 dum
1474 1034 1547 1060 res

242 1084 499 1124 anatomica
529 1081 796 1140 plantarum
838 1082 992 1123 minus
1035 1079 1230 1122 florebat
1263 1108 1275 1130 ,
1321 1077 1548 1120 corollam

243 1158 272 1183 a
302 1142 426 1184 libro
453 1140 553 1183 fieri
585 1142 831 1184 dixerunt.
864 1140 1039 1182 Verum
1068 1155 1176 1182 cum
1208 1138 1326 1181 liber
1364 1153 1456 1179 non
1487 1140 1547 1180 sit

239 1203 290 1242 in
319 1200 774 1257 monocotyledoneis
816 1199 1004 1258 plantis,
1054 1214 1163 1242 cum
1205 1198 1324 1241 liber
1374 1197 1552 1256 planta-1

239 1276 346 1303 rum
377 1260 836 1317 dicotyledonearum
859 1260 1056 1302 tracheis
1079 1269 1255 1310 careat,
1287 1260 1472 1316 istaeque
1502 1259 1551 1298 in

238 1322 458 1380 penitiori
488 1329 670 1364 tantum
701 1321 829 1379 ligno
860 1324 1163 1378 reperiantur:
1196 1320 1301 1362 ideo
1326 1316 1552 1360 corollam

240 1397 298 1423 ex
320 1381 444 1423 omni
467 1381 618 1432 caule,
642 1389 688 1423 et
717 1397 775 1423 ex
799 1383 1015 1439 penitiori
1041 1380 1230 1438 quidem
1277 1378 1426 1421 caulis
1451 1393 1555 1437 par-r

243 1450 288 1484 te
318 1444 366 1484 in
386 1441 752 1498 dicotyledoneis
783 1442 908 1500 gigni
930 1441 1179 1484 indubium
1209 1446 1278 1481 est
1299 1470 1311 1482 .

491 1559 538 1604 F
536 1562 597 1604 los
627 1559 918 1619 incompletus
935 1588 945 1598 .
994 1559 1283 1617 Perigonium
1301 1590 1312 1600 .

304 1681 350 1737 ξ.
382 1683 484 1737 337.
514 1679 624 1723 Flos
653 1678 945 1737 incompletus
974 1681 1014 1722 is
1044 1687 1113 1722 est
1137 1712 1149 1732 ,
1181 1679 1262 1738 qui
1284 1693 1431 1721 unum
1456 1685 1553 1719 tan·-

249 1749 346 1782 tum
378 1741 579 1800 possidet
608 1757 665 1782 ex
686 1741 924 1797 descriptis
945 1740 1220 1782 involucris.
1246 1740 1377 1781 Tunc.
1409 1738 1558 1780 deter-

246 1804 426 1843 minatu
471 1799 657 1843 difficile
699 1817 758 1843 an
802 1800 889 1842 hoc
936 1801 1029 1841 diei
1067 1800 1231 1843 debeat
1272 1799 1444 1854 calyX,
1499 1813 1559 1839 an

252 1861 460 1903 corolla.
515 1862 637 1903 Nam
689 1876 774 1903 nec
815 1863 1053 1919 praesentia
1101 1861 1396 1902 trachearum
1439 1888 1452 1909 ‚
1505 1865 1561 1898 ut

250 1924 407 1963 innuit
454 1920 782 1972 Vintenatius‚
835 1935 918 1962 nec
974 1919 1102 1962 color
1146 1937 1174 1963 a
1217 1919 1357 1963 viridi
1402 1916 1561 1960 colore

249 1982 456 2025 diversus
482 2013 494 2033 ,
542 1997 690 2039 neque
741 1996 911 2039 organa
961 1980 1218 2023 masculina
1272 1983 1358 2022 sita
1400 1985 1562 2021 contra

251 2051 431 2101 partem
481 2042 678 2085 mediam
718 2049 1055 2099 segmentorum
1082 2041 1331 2092 involucri,
1383 2047 1439 2080 ut
1483 2038 1562 2080 ha-

253 2104 331 2145 bet
380 2102 633 2144 Pontedera
676 2135 687 2153 ‚
742 2115 890 2159 neque
915 2101 1438 2158 involucrum‚nuptiis
1488 2113 1563 2156 pe-

255 2165 424 2213 ractis,
479 2162 764 2214 deciduum,
811 2169 865 2202 ut
908 2161 1147 2219 perhibuit
1171 2159 1561 2210 Tourneforfius,

255 2238 326 2264 res
378 2224 445 2265 ita
475 2231 606 2264 certae
656 2231 790 2275 sunt,
824 2228 879 2262 ut
927 2224 1072 2280 magis
1131 2222 1187 2264 de
1230 2220 1413 2264 corollae
1458 2234 1564 2278 prae-

257 2284 400 2326 sentia
426 2316 439 2334 ‚
494 2298 634 2342 quam
686 2283 743 2326 de
797 2284 1034 2342 praesentia
1085 2282 1260 2340 calycis
1311 2296 1393 2325 nos
1438 2288 1564 2323 tutos
