<?xml version="1.0" encoding="UTF-8"?>
<!DOCTYPE html PUBLIC "-//W3C//DTD XHTML 1.0 Transitional//EN"
    "http://www.w3.org/TR/xhtml1/DTD/xhtml1-transitional.dtd">
<html xmlns="http://www.w3.org/1999/xhtml" xml:lang="en" lang="en">
 <head>
  <title>
</title>
<meta http-equiv="Content-Type" content="text/html;charset=utf-8" />
  <meta name='ocr-system' content='tesseract 3.04.00' />
  <meta name='ocr-capabilities' content='ocr_page ocr_carea ocr_par ocr_line ocrx_word'/>
</head>
<body>
  <div class='ocr_page' id='page_1' title='image "antoniibertoloni00bert_0243.png"; bbox 0 0 1669 2563; ppageno 0'>
   <div class='ocr_carea' id='block_1_1' title="bbox 1246 68 1326 107">
    <p class='ocr_par' dir='ltr' id='par_1_1' title="bbox 1246 68 1326 107">
     <span class='ocr_line' id='line_1_1' title="bbox 1246 68 1326 107; baseline -0.013 0"><span class='ocrx_word' id='word_1_1' title='bbox 1246 68 1326 107; x_wconf 80' lang='lat'>231</span> 
     </span>
    </p>
   </div>
   <div class='ocr_carea' id='block_1_2' title="bbox 106 168 1403 344">
    <p class='ocr_par' dir='ltr' id='par_1_2' title="bbox 106 168 1403 344">
     <span class='ocr_line' id='line_1_2' title="bbox 106 168 1402 234; baseline -0.008 -15"><span class='ocrx_word' id='word_1_2' title='bbox 106 177 350 234; x_wconf 74' lang='lat' dir='ltr'>colligati,</span> <span class='ocrx_word' id='word_1_3' title='bbox 384 175 455 218; x_wconf 84' lang='lat' dir='ltr'>vel</span> <span class='ocrx_word' id='word_1_4' title='bbox 491 174 721 223; x_wconf 74' lang='lat' dir='ltr'>distincti,</span> <span class='ocrx_word' id='word_1_5' title='bbox 754 186 858 212; x_wconf 86' lang='lat' dir='ltr'>cum</span> <span class='ocrx_word' id='word_1_6' title='bbox 890 169 1064 213; x_wconf 80' lang='lat' dir='ltr'>faciunt</span> <span class='ocrx_word' id='word_1_7' title='bbox 1117 185 1291 221; x_wconf 85' lang='lat' dir='ltr'>unum,</span> <span class='ocrx_word' id='word_1_8' title='bbox 1326 168 1402 211; x_wconf 87' lang='lat' dir='ltr'>vel</span> 
     </span>
     <span class='ocr_line' id='line_1_3' title="bbox 108 233 556 295; baseline -0.011 -16"><span class='ocrx_word' id='word_1_9' title='bbox 108 238 263 295; x_wconf 81' lang='lat' dir='ltr'>plures</span> <span class='ocrx_word' id='word_1_10' title='bbox 294 233 556 278; x_wconf 86' lang='lat' dir='ltr'>fasciculos.</span> 
     </span>
     <span class='ocr_line' id='line_1_4' title="bbox 165 288 1403 344; baseline -0.008 -5"><span class='ocrx_word' id='word_1_11' title='bbox 165 296 435 339; x_wconf 67' lang='lat' dir='ltr'>Intervalves</span> <span class='ocrx_word' id='word_1_12' title='bbox 459 326 469 344; x_wconf 82' lang='lat'><strong>,</strong></span> <span class='ocrx_word' id='word_1_13' title='bbox 500 306 606 333; x_wconf 88' lang='lat' dir='ltr'>cum</span> <span class='ocrx_word' id='word_1_14' title='bbox 637 291 708 332; x_wconf 83' lang='lat' dir='ltr'>siti</span> <span class='ocrx_word' id='word_1_15' title='bbox 740 290 785 332; x_wconf 89' lang='lat' dir='ltr'>in</span> <span class='ocrx_word' id='word_1_16' title='bbox 824 291 994 331; x_wconf 85' lang='lat' dir='ltr'>suturis</span> <span class='ocrx_word' id='word_1_17' title='bbox 1028 291 1141 331; x_wconf 83' lang='lat' dir='ltr'>inter</span> <span class='ocrx_word' id='word_1_18' title='bbox 1180 288 1358 330; x_wconf 81' lang='lat' dir='ltr'>valvam</span> <span class='ocrx_word' id='word_1_19' title='bbox 1392 320 1403 338; x_wconf 83' lang='lat'>‚</span> 
     </span>
    </p>
   </div>
   <div class='ocr_carea' id='block_1_3' title="bbox 109 355 1406 467">
    <p class='ocr_par' dir='ltr' id='par_1_3' title="bbox 109 355 1406 467">
     <span class='ocr_line' id='line_1_5' title="bbox 109 355 402 399; baseline -0.01 -1"><span class='ocrx_word' id='word_1_20' title='bbox 109 365 154 399; x_wconf 83' lang='lat' dir='ltr'>et</span> <span class='ocrx_word' id='word_1_21' title='bbox 191 355 369 398; x_wconf 83' lang='lat' dir='ltr'>valvam</span> <span class='ocrx_word' id='word_1_22' title='bbox 392 385 402 395; x_wconf 89' lang='lat'><strong>.</strong></span> 
     </span>
     <span class='ocr_line' id='line_1_6' title="bbox 168 406 1406 467; baseline -0.009 -10"><span class='ocrx_word' id='word_1_23' title='bbox 168 414 473 461; x_wconf 76' lang='lat' dir='ltr'>Circamaxei,</span> <span class='ocrx_word' id='word_1_24' title='bbox 505 410 640 467; x_wconf 87' lang='lat' dir='ltr'>positi</span> <span class='ocrx_word' id='word_1_25' title='bbox 672 409 847 449; x_wconf 87' lang='lat' dir='ltr'>circum</span> <span class='ocrx_word' id='word_1_26' title='bbox 885 422 1017 448; x_wconf 76' lang='lat' dir='ltr'>axem</span> <span class='ocrx_word' id='word_1_27' title='bbox 1064 406 1312 448; x_wconf 85' lang='lat' dir='ltr'>centralem</span> <span class='ocrx_word' id='word_1_28' title='bbox 1336 439 1347 457; x_wconf 84' lang='lat'>,</span> <span class='ocrx_word' id='word_1_29' title='bbox 1379 421 1406 446; x_wconf 85' lang='lat' dir='ltr'>a</span> 
     </span>
    </p>
   </div>
   <div class='ocr_carea' id='block_1_4' title="bbox 103 466 1428 1959">
    <p class='ocr_par' dir='ltr' id='par_1_4' title="bbox 110 466 1175 589">
     <span class='ocr_line' id='line_1_7' title="bbox 110 466 1175 529; baseline -0.01 -12"><span class='ocrx_word' id='word_1_30' title='bbox 110 490 202 528; x_wconf 64' lang='lat' dir='ltr'>quo</span> <span class='ocrx_word' id='word_1_31' title='bbox 235 475 536 529; x_wconf 84' lang='lat' dir='ltr'>sejunguntur</span> <span class='ocrx_word' id='word_1_32' title='bbox 557 501 568 519; x_wconf 86' lang='lat'>‚</span> <span class='ocrx_word' id='word_1_33' title='bbox 598 483 704 509; x_wconf 88' lang='lat' dir='ltr'>cum</span> <span class='ocrx_word' id='word_1_34' title='bbox 737 466 917 509; x_wconf 81' lang='lat' dir='ltr'>fructus</span> <span class='ocrx_word' id='word_1_35' title='bbox 949 466 1143 508; x_wconf 81' lang='lat' dir='ltr'>dehiscit</span> <span class='ocrx_word' id='word_1_36' title='bbox 1166 499 1175 507; x_wconf 88' lang='grc'><strong>.</strong></span> 
     </span>
     <span class='ocr_line' id='line_1_8' title="bbox 123 526 1101 589; baseline -0.009 -13"><span class='ocrx_word' id='word_1_37' title='bbox 123 529 138 533; x_wconf 60' lang='grc'><em>”</em></span> <span class='ocrx_word' id='word_1_38' title='bbox 168 534 213 589; x_wconf 82' lang='lat'>§.</span> <span class='ocrx_word' id='word_1_39' title='bbox 247 535 316 588; x_wconf 77' lang='grc'>74.</span> <span class='ocrx_word' id='word_1_40' title='bbox 349 527 605 572; x_wconf 87' lang='lat' dir='ltr'>Funiculus</span> <span class='ocrx_word' id='word_1_41' title='bbox 638 526 921 568; x_wconf 85' lang='lat' dir='ltr'>umbiliealis</span> <span class='ocrx_word' id='word_1_42' title='bbox 954 528 1101 569; x_wconf 86' lang='lat' dir='ltr'>variat</span> 
     </span>
    </p>

    <p class='ocr_par' dir='ltr' id='par_1_5' title="bbox 103 584 1407 708">
     <span class='ocr_line' id='line_1_9' title="bbox 169 584 1407 646; baseline -0.009 -12"><span class='ocrx_word' id='word_1_43' title='bbox 169 592 350 646; x_wconf 80' lang='lat' dir='ltr'>Longus</span> <span class='ocrx_word' id='word_1_44' title='bbox 372 623 383 642; x_wconf 90' lang='lat'>‚</span> <span class='ocrx_word' id='word_1_45' title='bbox 406 589 541 632; x_wconf 76' lang='lat' dir='ltr'>brevis</span> <span class='ocrx_word' id='word_1_46' title='bbox 565 621 575 639; x_wconf 95' lang='lat'>,</span> <span class='ocrx_word' id='word_1_47' title='bbox 613 587 883 629; x_wconf 78' lang='lat' dir='ltr'>brevissimus</span> <span class='ocrx_word' id='word_1_48' title='bbox 902 619 913 637; x_wconf 89' lang='lat'>‚</span> <span class='ocrx_word' id='word_1_49' title='bbox 963 600 1138 629; x_wconf 76' lang='lat' dir='ltr'>crassus</span> <span class='ocrx_word' id='word_1_50' title='bbox 1164 617 1175 635; x_wconf 92' lang='lat'><strong>,</strong></span> <span class='ocrx_word' id='word_1_51' title='bbox 1226 584 1369 625; x_wconf 78' lang='lat' dir='ltr'>tenuis</span> <span class='ocrx_word' id='word_1_52' title='bbox 1397 615 1407 633; x_wconf 92' lang='lat'><strong>,</strong></span> 
     </span>
     <span class='ocr_line' id='line_1_10' title="bbox 103 652 368 708; baseline -0.011 -14"><span class='ocrx_word' id='word_1_53' title='bbox 103 652 177 708; x_wconf 80' lang='lat' dir='ltr'>fili</span> <span class='ocrx_word' id='word_1_54' title='bbox 199 653 326 693; x_wconf 81' lang='lat' dir='ltr'>ormis</span> <span class='ocrx_word' id='word_1_55' title='bbox 358 680 368 691; x_wconf 88' lang='lat'><strong>.</strong></span> 
     </span>
    </p>

    <p class='ocr_par' dir='ltr' id='par_1_6' title="bbox 177 706 1000 754">
     <span class='ocr_line' id='line_1_11' title="bbox 177 706 1000 754; baseline -0.007 -2"><span class='ocrx_word' id='word_1_56' title='bbox 177 711 428 754; x_wconf 77' lang='lat' dir='ltr'>Uncinatus</span> <span class='ocrx_word' id='word_1_57' title='bbox 458 723 484 750; x_wconf 87' lang='lat' dir='ltr'>a</span> <span class='ocrx_word' id='word_1_58' title='bbox 514 706 661 750; x_wconf 84' lang='lat' dir='ltr'>forma</span> <span class='ocrx_word' id='word_1_59' title='bbox 684 719 825 748; x_wconf 84' lang='lat' dir='ltr'>curva</span> <span class='ocrx_word' id='word_1_60' title='bbox 856 707 963 747; x_wconf 91' lang='lat' dir='ltr'>unci</span> <span class='ocrx_word' id='word_1_61' title='bbox 990 738 1000 747; x_wconf 88' lang='lat'><strong>.</strong></span> 
     </span>
    </p>

    <p class='ocr_par' dir='ltr' id='par_1_7' title="bbox 119 761 1413 887">
     <span class='ocr_line' id='line_1_12' title="bbox 173 761 1413 826; baseline -0.009 -14"><span class='ocrx_word' id='word_1_62' title='bbox 173 768 483 826; x_wconf 76' lang='lat' dir='ltr'>Pappzformis</span> <span class='ocrx_word' id='word_1_63' title='bbox 511 799 522 818; x_wconf 87' lang='lat'><strong>,</strong></span> <span class='ocrx_word' id='word_1_64' title='bbox 555 781 660 809; x_wconf 89' lang='lat' dir='ltr'>cum</span> <span class='ocrx_word' id='word_1_65' title='bbox 692 764 1007 820; x_wconf 83' lang='lat' dir='ltr'>fasciculatus,</span> <span class='ocrx_word' id='word_1_66' title='bbox 1036 765 1202 815; x_wconf 81' lang='lat' dir='ltr'>tenuis,</span> <span class='ocrx_word' id='word_1_67' title='bbox 1233 761 1413 819; x_wconf 74' lang='lat' dir='ltr'>longu5‚</span> 
     </span>
     <span class='ocr_line' id='line_1_13' title="bbox 119 829 692 887; baseline -0.009 -15"><span class='ocrx_word' id='word_1_68' title='bbox 119 832 318 873; x_wconf 86' lang='lat' dir='ltr'>sericeus</span> <span class='ocrx_word' id='word_1_69' title='bbox 348 829 486 887; x_wconf 85' lang='lat' dir='ltr'>pappi</span> <span class='ocrx_word' id='word_1_70' title='bbox 519 829 660 869; x_wconf 85' lang='lat' dir='ltr'>instar</span> <span class='ocrx_word' id='word_1_71' title='bbox 682 857 692 868; x_wconf 93' lang='lat'><strong>.</strong></span> 
     </span>
    </p>

    <p class='ocr_par' dir='ltr' id='par_1_8' title="bbox 118 880 1416 1002">
     <span class='ocr_line' id='line_1_14' title="bbox 171 880 1416 946; baseline -0.01 -14"><span class='ocrx_word' id='word_1_72' title='bbox 171 890 216 946; x_wconf 59' lang='grc' dir='ltr'>ς.</span> <span class='ocrx_word' id='word_1_73' title='bbox 250 890 320 946; x_wconf 81' lang='lat'>75.</span> <span class='ocrx_word' id='word_1_74' title='bbox 351 887 556 938; x_wconf 88' lang='lat' dir='ltr'>Arillus‚</span> <span class='ocrx_word' id='word_1_75' title='bbox 583 888 673 929; x_wconf 86' lang='lat' dir='ltr'>sive</span> <span class='ocrx_word' id='word_1_76' title='bbox 703 884 994 927; x_wconf 87' lang='lat' dir='ltr'>involucrum</span> <span class='ocrx_word' id='word_1_77' title='bbox 1020 881 1232 927; x_wconf 83' lang='lat' dir='ltr'>funiculo</span> <span class='ocrx_word' id='word_1_78' title='bbox 1263 880 1416 922; x_wconf 91' lang='lat' dir='ltr'>umbi-</span> 
     </span>
     <span class='ocr_line' id='line_1_15' title="bbox 118 946 1167 1002; baseline -0.005 -12"><span class='ocrx_word' id='word_1_79' title='bbox 118 946 244 991; x_wconf 80' lang='lat' dir='ltr'>licali</span> <span class='ocrx_word' id='word_1_80' title='bbox 276 949 493 990; x_wconf 74' lang='lat' dir='ltr'>adflatum</span> <span class='ocrx_word' id='word_1_81' title='bbox 517 981 528 997; x_wconf 89' lang='lat'><strong>‚</strong></span> <span class='ocrx_word' id='word_1_82' title='bbox 555 955 601 987; x_wconf 90' lang='lat' dir='ltr'>et</span> <span class='ocrx_word' id='word_1_83' title='bbox 626 947 857 1002; x_wconf 82' lang='lat' dir='ltr'>excipiens</span> <span class='ocrx_word' id='word_1_84' title='bbox 889 960 1040 987; x_wconf 87' lang='lat' dir='ltr'>semen</span> <span class='ocrx_word' id='word_1_85' title='bbox 1065 977 1075 995; x_wconf 94' lang='lat'>‚</span> <span class='ocrx_word' id='word_1_86' title='bbox 1100 952 1167 986; x_wconf 89' lang='lat' dir='ltr'>est</span> 
     </span>
    </p>

    <p class='ocr_par' dir='ltr' id='par_1_9' title="bbox 124 1004 1420 1125">
     <span class='ocr_line' id='line_1_16' title="bbox 176 1004 1420 1065; baseline -0.009 -14"><span class='ocrx_word' id='word_1_87' title='bbox 176 1009 431 1065; x_wconf 76' lang='lat' dir='ltr'>completus</span> <span class='ocrx_word' id='word_1_88' title='bbox 460 1039 471 1058; x_wconf 86' lang='lat'><strong><em>‚</em></strong></span> <span class='ocrx_word' id='word_1_89' title='bbox 528 1007 816 1062; x_wconf 78' lang='lat' dir='ltr'>incompletus</span> <span class='ocrx_word' id='word_1_90' title='bbox 853 1037 865 1056; x_wconf 80' lang='grc'><em>,</em></span> <span class='ocrx_word' id='word_1_91' title='bbox 916 1013 1057 1064; x_wconf 83' lang='lat' dir='ltr'>prout</span> <span class='ocrx_word' id='word_1_92' title='bbox 1104 1004 1217 1061; x_wconf 81' lang='lat' dir='ltr'>tegit</span> <span class='ocrx_word' id='word_1_93' title='bbox 1270 1007 1420 1044; x_wconf 88' lang='lat' dir='ltr'>totum</span> 
     </span>
     <span class='ocr_line' id='line_1_17' title="bbox 124 1067 869 1125; baseline -0.007 -13"><span class='ocrx_word' id='word_1_94' title='bbox 124 1084 275 1112; x_wconf 86' lang='lat' dir='ltr'>semen</span> <span class='ocrx_word' id='word_1_95' title='bbox 301 1100 312 1121; x_wconf 90' lang='lat'>,</span> <span class='ocrx_word' id='word_1_96' title='bbox 345 1067 419 1109; x_wconf 87' lang='lat' dir='ltr'>vel</span> <span class='ocrx_word' id='word_1_97' title='bbox 451 1075 626 1125; x_wconf 88' lang='lat' dir='ltr'>partem</span> <span class='ocrx_word' id='word_1_98' title='bbox 659 1067 869 1107; x_wconf 87' lang='lat' dir='ltr'>seminis.</span> 
     </span>
    </p>

    <p class='ocr_par' dir='ltr' id='par_1_10' title="bbox 182 1123 1017 1185">
     <span class='ocr_line' id='line_1_18' title="bbox 182 1123 1017 1185; baseline -0.006 -13"><span class='ocrx_word' id='word_1_99' title='bbox 182 1129 422 1185; x_wconf 77' lang='lat' dir='ltr'>Capularis</span> <span class='ocrx_word' id='word_1_100' title='bbox 441 1160 452 1178; x_wconf 87' lang='lat'>‚</span> <span class='ocrx_word' id='word_1_101' title='bbox 485 1127 633 1169; x_wconf 84' lang='lat' dir='ltr'>forma</span> <span class='ocrx_word' id='word_1_102' title='bbox 663 1123 984 1183; x_wconf 85' lang='lat' dir='ltr'>campanulata</span> <span class='ocrx_word' id='word_1_103' title='bbox 1007 1157 1017 1167; x_wconf 86' lang='lat'><strong>.</strong></span> 
     </span>
    </p>

    <p class='ocr_par' dir='ltr' id='par_1_11' title="bbox 125 1183 1423 1364">
     <span class='ocr_line' id='line_1_19' title="bbox 186 1183 1423 1243; baseline -0.008 -13"><span class='ocrx_word' id='word_1_104' title='bbox 186 1189 503 1231; x_wconf 77' lang='lat' dir='ltr'>Caruncularis</span> <span class='ocrx_word' id='word_1_105' title='bbox 523 1219 534 1237; x_wconf 81' lang='grc'>,</span> <span class='ocrx_word' id='word_1_106' title='bbox 566 1186 714 1228; x_wconf 84' lang='lat' dir='ltr'>factus</span> <span class='ocrx_word' id='word_1_107' title='bbox 739 1200 828 1226; x_wconf 88' lang='lat' dir='ltr'>una</span> <span class='ocrx_word' id='word_1_108' title='bbox 856 1217 866 1235; x_wconf 86' lang='lat'><strong><em>‚</em></strong></span> <span class='ocrx_word' id='word_1_109' title='bbox 898 1183 972 1227; x_wconf 92' lang='lat' dir='ltr'>vel</span> <span class='ocrx_word' id='word_1_110' title='bbox 1004 1183 1220 1243; x_wconf 87' lang='lat' dir='ltr'>pluribus</span> <span class='ocrx_word' id='word_1_111' title='bbox 1252 1195 1423 1223; x_wconf 85' lang='lat' dir='ltr'>carun-</span> 
     </span>
     <span class='ocr_line' id='line_1_20' title="bbox 125 1243 1423 1305; baseline -0.005 -16"><span class='ocrx_word' id='word_1_112' title='bbox 125 1247 245 1290; x_wconf 88' lang='lat' dir='ltr'>culis</span> <span class='ocrx_word' id='word_1_113' title='bbox 277 1246 730 1305; x_wconf 83' lang='lat' dir='ltr'>glandulaeformibus</span> <span class='ocrx_word' id='word_1_114' title='bbox 757 1277 768 1296; x_wconf 82' lang='grc'>,</span> <span class='ocrx_word' id='word_1_115' title='bbox 795 1259 908 1303; x_wconf 87' lang='lat' dir='ltr'>quas</span> <span class='ocrx_word' id='word_1_116' title='bbox 938 1243 1195 1287; x_wconf 79' lang='lat' dir='ltr'>Gaertnerus</span> <span class='ocrx_word' id='word_1_117' title='bbox 1226 1256 1423 1284; x_wconf 82' lang='lat' dir='ltr'>vocave-</span> 
     </span>
     <span class='ocr_line' id='line_1_21' title="bbox 128 1307 531 1364; baseline -0.002 -15"><span class='ocrx_word' id='word_1_118' title='bbox 128 1315 200 1349; x_wconf 83' lang='lat' dir='ltr'>rat</span> <span class='ocrx_word' id='word_1_119' title='bbox 224 1307 494 1364; x_wconf 76' lang='lat' dir='ltr'>strophiolas</span> <span class='ocrx_word' id='word_1_120' title='bbox 522 1338 531 1348; x_wconf 88' lang='lat'><strong>.</strong></span> 
     </span>
    </p>

    <p class='ocr_par' dir='ltr' id='par_1_12' title="bbox 127 1362 1427 1482">
     <span class='ocr_line' id='line_1_22' title="bbox 184 1362 1427 1417; baseline -0.006 -9"><span class='ocrx_word' id='word_1_121' title='bbox 184 1367 405 1417; x_wconf 77' lang='lat' dir='ltr'>Partitus,</span> <span class='ocrx_word' id='word_1_122' title='bbox 437 1368 676 1408; x_wconf 75' lang='lat' dir='ltr'>laciniatus</span> <span class='ocrx_word' id='word_1_123' title='bbox 705 1379 731 1405; x_wconf 86' lang='lat' dir='ltr'>a</span> <span class='ocrx_word' id='word_1_124' title='bbox 761 1362 1066 1407; x_wconf 81' lang='lat' dir='ltr'>divisionibus</span> <span class='ocrx_word' id='word_1_125' title='bbox 1085 1396 1096 1414; x_wconf 87' lang='lat'>‚</span> <span class='ocrx_word' id='word_1_126' title='bbox 1130 1370 1175 1403; x_wconf 87' lang='lat' dir='ltr'>et</span> <span class='ocrx_word' id='word_1_127' title='bbox 1196 1362 1254 1403; x_wconf 90' lang='lat' dir='ltr'>ab</span> <span class='ocrx_word' id='word_1_128' title='bbox 1276 1375 1427 1417; x_wconf 83' lang='lat' dir='ltr'>angu-</span> 
     </span>
     <span class='ocr_line' id='line_1_23' title="bbox 127 1427 1386 1482; baseline -0.006 -14"><span class='ocrx_word' id='word_1_129' title='bbox 127 1429 214 1469; x_wconf 84' lang='lat' dir='ltr'>stia</span> <span class='ocrx_word' id='word_1_130' title='bbox 245 1427 520 1468; x_wconf 85' lang='lat' dir='ltr'>divisionum</span> <span class='ocrx_word' id='word_1_131' title='bbox 545 1458 556 1476; x_wconf 85' lang='lat'><strong>,</strong></span> <span class='ocrx_word' id='word_1_132' title='bbox 589 1439 685 1482; x_wconf 86' lang='lat' dir='ltr'>quae</span> <span class='ocrx_word' id='word_1_133' title='bbox 717 1427 946 1466; x_wconf 86' lang='lat' dir='ltr'>numerari</span> <span class='ocrx_word' id='word_1_134' title='bbox 980 1431 1197 1481; x_wconf 82' lang='lat' dir='ltr'>poterunt</span> <span class='ocrx_word' id='word_1_135' title='bbox 1220 1453 1230 1463; x_wconf 91' lang='lat'><strong>.</strong></span> <span class='ocrx_word' id='word_1_136' title='bbox 1384 1472 1386 1475; x_wconf 22' lang='grc' dir='ltr'><strong><em>ι</em></strong></span> 
     </span>
    </p>

    <p class='ocr_par' dir='ltr' id='par_1_13' title="bbox 127 1477 1424 1588">
     <span class='ocr_line' id='line_1_24' title="bbox 185 1477 1424 1543; baseline -0.007 -15"><span class='ocrx_word' id='word_1_137' title='bbox 185 1486 413 1543; x_wconf 77' lang='lat' dir='ltr'>Pulposus</span> <span class='ocrx_word' id='word_1_138' title='bbox 438 1518 449 1538; x_wconf 86' lang='lat'>‚</span> <span class='ocrx_word' id='word_1_139' title='bbox 480 1499 691 1528; x_wconf 81' lang='lat' dir='ltr'>carnosus</span> <span class='ocrx_word' id='word_1_140' title='bbox 721 1500 747 1526; x_wconf 82' lang='lat' dir='ltr'>a</span> <span class='ocrx_word' id='word_1_141' title='bbox 778 1486 1031 1527; x_wconf 84' lang='lat' dir='ltr'>substantia</span> <span class='ocrx_word' id='word_1_142' title='bbox 1054 1480 1272 1525; x_wconf 81' lang='lat' dir='ltr'>cellulari</span> <span class='ocrx_word' id='word_1_143' title='bbox 1317 1477 1424 1537; x_wconf 87' lang='lat' dir='ltr'>plus</span> 
     </span>
     <span class='ocr_line' id='line_1_25' title="bbox 127 1561 586 1588; baseline 0 0"><span class='ocrx_word' id='word_1_144' title='bbox 127 1561 334 1588; x_wconf 76' lang='lat' dir='ltr'>minusve</span> <span class='ocrx_word' id='word_1_145' title='bbox 369 1561 552 1588; x_wconf 80' lang='lat' dir='ltr'>succosa</span> <span class='ocrx_word' id='word_1_146' title='bbox 575 1577 586 1588; x_wconf 88' lang='lat'><strong>.</strong></span> 
     </span>
    </p>

    <p class='ocr_par' dir='ltr' id='par_1_14' title="bbox 128 1597 1428 1783">
     <span class='ocr_line' id='line_1_26' title="bbox 184 1597 1424 1664; baseline -0.008 -17"><span class='ocrx_word' id='word_1_147' title='bbox 184 1605 413 1648; x_wconf 78' lang='lat' dir='ltr'>Elasticus</span> <span class='ocrx_word' id='word_1_148' title='bbox 431 1639 443 1657; x_wconf 90' lang='lat'>‚</span> <span class='ocrx_word' id='word_1_149' title='bbox 474 1608 555 1664; x_wconf 89' lang='lat' dir='ltr'>qui</span> <span class='ocrx_word' id='word_1_150' title='bbox 581 1638 592 1657; x_wconf 93' lang='lat'>‚</span> <span class='ocrx_word' id='word_1_151' title='bbox 624 1612 850 1646; x_wconf 80' lang='lat' dir='ltr'>crescente</span> <span class='ocrx_word' id='word_1_152' title='bbox 891 1605 1059 1646; x_wconf 85' lang='lat' dir='ltr'>semine</span> <span class='ocrx_word' id='word_1_153' title='bbox 1089 1636 1100 1655; x_wconf 84' lang='lat'>,</span> <span class='ocrx_word' id='word_1_154' title='bbox 1146 1597 1424 1658; x_wconf 79' lang='lat' dir='ltr'>expanditur</span> 
     </span>
     <span class='ocr_line' id='line_1_27' title="bbox 128 1659 1428 1723; baseline -0.008 -16"><span class='ocrx_word' id='word_1_155' title='bbox 128 1681 276 1723; x_wconf 88' lang='lat' dir='ltr'>usque</span> <span class='ocrx_word' id='word_1_156' title='bbox 320 1666 377 1708; x_wconf 85' lang='lat' dir='ltr'>ad</span> <span class='ocrx_word' id='word_1_157' title='bbox 424 1667 576 1708; x_wconf 88' lang='lat' dir='ltr'>datam</span> <span class='ocrx_word' id='word_1_158' title='bbox 630 1666 938 1706; x_wconf 82' lang='lat' dir='ltr'>extensionem</span> <span class='ocrx_word' id='word_1_159' title='bbox 961 1697 974 1716; x_wconf 81' lang='grc'>,</span> <span class='ocrx_word' id='word_1_160' title='bbox 999 1662 1160 1706; x_wconf 88' lang='lat' dir='ltr'>deinde</span> <span class='ocrx_word' id='word_1_161' title='bbox 1194 1659 1428 1716; x_wconf 83' lang='lat' dir='ltr'>inopinate</span> 
     </span>
     <span class='ocr_line' id='line_1_28' title="bbox 131 1724 890 1783; baseline -0.001 -16"><span class='ocrx_word' id='word_1_162' title='bbox 131 1726 439 1783; x_wconf 84' lang='lat' dir='ltr'>disrumpitur</span> <span class='ocrx_word' id='word_1_163' title='bbox 459 1759 470 1777; x_wconf 87' lang='lat'>‚</span> <span class='ocrx_word' id='word_1_164' title='bbox 504 1733 549 1767; x_wconf 88' lang='lat' dir='ltr'>et</span> <span class='ocrx_word' id='word_1_165' title='bbox 572 1724 860 1767; x_wconf 83' lang='lat' dir='ltr'>contrahitur</span> <span class='ocrx_word' id='word_1_166' title='bbox 879 1757 890 1766; x_wconf 92' lang='lat'><strong>.</strong></span> 
     </span>
    </p>

    <p class='ocr_par' dir='ltr' id='par_1_15' title="bbox 132 1779 1426 1903">
     <span class='ocr_line' id='line_1_29' title="bbox 188 1779 1426 1844; baseline -0.007 -17"><span class='ocrx_word' id='word_1_167' title='bbox 188 1786 389 1842; x_wconf 75' lang='lat' dir='ltr'>Ruptilis</span> <span class='ocrx_word' id='word_1_168' title='bbox 413 1819 424 1837; x_wconf 86' lang='lat'>,</span> <span class='ocrx_word' id='word_1_169' title='bbox 460 1788 541 1844; x_wconf 88' lang='lat' dir='ltr'>qui</span> <span class='ocrx_word' id='word_1_170' title='bbox 565 1818 577 1838; x_wconf 92' lang='lat'>‚</span> <span class='ocrx_word' id='word_1_171' title='bbox 607 1792 835 1827; x_wconf 84' lang='lat' dir='ltr'>crescente</span> <span class='ocrx_word' id='word_1_172' title='bbox 868 1785 1036 1826; x_wconf 87' lang='lat' dir='ltr'>semine</span> <span class='ocrx_word' id='word_1_173' title='bbox 1063 1816 1076 1836; x_wconf 86' lang='lat'><strong>,</strong></span> <span class='ocrx_word' id='word_1_174' title='bbox 1119 1779 1426 1837; x_wconf 80' lang='lat' dir='ltr'>disrumpitur</span> 
     </span>
     <span class='ocr_line' id='line_1_30' title="bbox 132 1845 529 1903; baseline 0.005 -17"><span class='ocrx_word' id='word_1_175' title='bbox 132 1845 305 1903; x_wconf 80' lang='lat' dir='ltr'>absque</span> <span class='ocrx_word' id='word_1_176' title='bbox 337 1847 494 1889; x_wconf 88' lang='lat' dir='ltr'>ordine</span> <span class='ocrx_word' id='word_1_177' title='bbox 519 1879 529 1888; x_wconf 93' lang='lat'>.</span> 
     </span>
    </p>

    <p class='ocr_par' dir='ltr' id='par_1_16' title="bbox 189 1900 1381 1959">
     <span class='ocr_line' id='line_1_31' title="bbox 189 1900 1381 1959; baseline -0.007 -10"><span class='ocrx_word' id='word_1_178' title='bbox 189 1905 424 1950; x_wconf 83' lang='lat' dir='ltr'>Coloratus</span> <span class='ocrx_word' id='word_1_179' title='bbox 444 1939 455 1959; x_wconf 93' lang='lat'><strong>,</strong></span> <span class='ocrx_word' id='word_1_180' title='bbox 479 1906 595 1949; x_wconf 86' lang='lat' dir='ltr'>idest</span> <span class='ocrx_word' id='word_1_181' title='bbox 656 1904 780 1948; x_wconf 84' lang='lat' dir='ltr'>ruber</span> <span class='ocrx_word' id='word_1_182' title='bbox 805 1937 818 1957; x_wconf 93' lang='lat'>,</span> <span class='ocrx_word' id='word_1_183' title='bbox 849 1917 995 1947; x_wconf 79' lang='lat' dir='ltr'>roseus</span> <span class='ocrx_word' id='word_1_184' title='bbox 1013 1937 1024 1956; x_wconf 91' lang='lat'><strong>,</strong></span> <span class='ocrx_word' id='word_1_185' title='bbox 1057 1902 1271 1946; x_wconf 76' lang='lat' dir='ltr'>coeruleus</span> <span class='ocrx_word' id='word_1_186' title='bbox 1300 1900 1381 1943; x_wconf 68' lang='grc' dir='ltr'>ὃς.</span> 
     </span>
    </p>
   </div>
   <div class='ocr_carea' id='block_1_5' title="bbox 493 2025 1069 2083">
    <p class='ocr_par' dir='ltr' id='par_1_17' title="bbox 493 2025 1069 2083">
     <span class='ocr_line' id='line_1_32' title="bbox 493 2025 1069 2083; baseline -0.005 -14"><span class='ocrx_word' id='word_1_187' title='bbox 493 2025 647 2069; x_wconf 86' lang='lat' dir='ltr'>Semen</span> <span class='ocrx_word' id='word_1_188' title='bbox 665 2059 676 2077; x_wconf 86' lang='lat'>‚</span> <span class='ocrx_word' id='word_1_189' title='bbox 709 2035 751 2068; x_wconf 79' lang='lat' dir='ltr'>et</span> <span class='ocrx_word' id='word_1_190' title='bbox 779 2034 934 2083; x_wconf 80' lang='lat' dir='ltr'>partes</span> <span class='ocrx_word' id='word_1_191' title='bbox 957 2026 1069 2082; x_wconf 78' lang='lat' dir='ltr'>ejus.</span> 
     </span>
    </p>
   </div>
   <div class='ocr_carea' id='block_1_6' title="bbox 144 2138 1431 2263">
    <p class='ocr_par' dir='ltr' id='par_1_18' title="bbox 144 2138 1431 2263">
     <span class='ocr_line' id='line_1_33' title="bbox 198 2138 1431 2202; baseline -0.006 -16"><span class='ocrx_word' id='word_1_192' title='bbox 198 2145 242 2200; x_wconf 56' lang='grc' dir='ltr'>ξ.</span> <span class='ocrx_word' id='word_1_193' title='bbox 276 2146 344 2201; x_wconf 75' lang='lat'>76.</span> <span class='ocrx_word' id='word_1_194' title='bbox 380 2146 540 2189; x_wconf 87' lang='lat' dir='ltr'>Semen</span> <span class='ocrx_word' id='word_1_195' title='bbox 565 2178 575 2196; x_wconf 82' lang='lat'>,</span> <span class='ocrx_word' id='word_1_196' title='bbox 619 2161 755 2188; x_wconf 87' lang='lat' dir='ltr'>ovum</span> <span class='ocrx_word' id='word_1_197' title='bbox 806 2144 1058 2202; x_wconf 80' lang='lat' dir='ltr'>vegetabile</span> <span class='ocrx_word' id='word_1_198' title='bbox 1085 2177 1095 2195; x_wconf 78' lang='grc'>,</span> <span class='ocrx_word' id='word_1_199' title='bbox 1146 2145 1259 2185; x_wconf 85' lang='lat' dir='ltr'>mire</span> <span class='ocrx_word' id='word_1_200' title='bbox 1309 2138 1431 2181; x_wconf 87' lang='lat' dir='ltr'>ludit</span> 
     </span>
     <span class='ocr_line' id='line_1_34' title="bbox 144 2205 508 2263; baseline 0.003 -17"><span class='ocrx_word' id='word_1_201' title='bbox 144 2205 286 2247; x_wconf 78' lang='lat' dir='ltr'>forma</span> <span class='ocrx_word' id='word_1_202' title='bbox 308 2239 318 2256; x_wconf 83' lang='lat'><em>‚</em></span> <span class='ocrx_word' id='word_1_203' title='bbox 354 2214 508 2263; x_wconf 78' lang='lat' dir='ltr'>estque</span> 
     </span>
    </p>
   </div>
  </div>
 </body>
</html>
