1669 2563
1363 153 1445 210 267

289 253 564 298 Testiculata
588 285 599 303 ,
630 249 913 309 scrotiformis
931 284 941 302 ‚
975 250 1095 294 facta
1125 252 1307 297 duobus
1341 257 1511 299 tuberi-

220 316 309 357 bus
339 315 538 356 carnosis
562 344 573 362 ,
607 311 904 353 subrotundis
930 343 941 361 ,
977 315 1303 368 approximatis
1329 349 1340 367 ,
1375 316 1509 359 fasci-

220 374 329 416 culo
353 373 569 415 fibrarum
595 372 745 411 statim
772 371 1018 426 suppositis
1040 402 1050 411 .

279 434 526 481 Palmam,
578 428 698 470 facta
750 429 933 470 duobus
979 429 1222 472 tuberibus
1267 437 1467 476 carnosis
1498 468 1508 485 ‚

216 491 518 548 compressis,
549 490 751 545 margine
794 487 1001 530 inferiori
1052 487 1249 542 Iobatis,
1297 492 1370 533 vel
1419 494 1510 535 alte

218 553 350 594 sectis
379 550 630 607 digitorum
660 563 785 589 more
808 580 818 590 .
850 548 950 590 Haec
980 563 1165 607 quoque
1192 552 1344 593 statim
1401 568 1511 610 sup-

217 612 402 668 ponitur
444 607 665 651 fasciculo
696 606 915 650 fibrarum
939 640 949 650 .

276 668 493 720 Balbosa‚
520 667 666 710 ferens
698 683 890 725 superne
914 667 1114 710 bulbum
1145 671 1333 727 gemmis
1359 670 1514 727 praedi-

217 736 318 770 tum
345 761 356 780 ‚
408 730 489 787 qui
543 727 719 770 bulbus
771 727 942 770 dicitur
997 731 1222 772 tunicatus
1245 762 1256 780 ‚
1309 732 1475 772 solidus
1498 764 1509 781 ‚

212 803 472 845 squamosus
499 820 510 839 ‚
543 796 590 830 et
618 790 717 844 ipsa
750 788 880 829 radix
917 791 1139 841 tunicata,
1167 791 1311 832 solida
1337 822 1348 840 ,
1381 805 1512 846 squa-

213 863 336 890 mosa
358 881 369 900 ‚
402 855 544 906 prout
568 847 744 890 bulbus
773 855 950 890 constat
982 847 1163 890 laminis
1192 852 1509 901 concentricis‚

215 909 303 950 sibi
334 911 530 951 invicem
560 910 785 964 impositis
806 940 817 959 ,
848 916 931 949 aut
980 916 1105 950 caret
1156 908 1337 952 laminis
1382 913 1480 953 istis
1499 943 1510 961 ‚

211 976 294 1011 aut
325 971 526 1025 squamis
556 969 808 1009 imbricatis
834 968 1037 1024 undique
1067 968 1316 1011 obducitur
1343 1002 1353 1012 .

276 1028 458 1086 Repens
483 1060 494 1079 ‚
532 1026 876 1069 horizontaliter
909 1029 996 1070 sub
1028 1035 1195 1070 terram
1227 1045 1475 1071 excurrens
1501 1064 1512 1081 ‚

215 1095 263 1129 et
292 1088 385 1130 huc
414 1087 529 1130 illuc
560 1090 820 1147 germinans
842 1087 948 1130 hinc
994 1087 1215 1131 radiculis
1234 1122 1245 1141 ‚
1267 1090 1371 1131 inde
1401 1106 1514 1132 cau-

214 1147 342 1191 libus
360 1181 372 1199 ,
404 1147 621 1205 foliisque
639 1181 649 1190 .

272 1208 564 1265 Stolonifi’ra,
596 1223 620 1249 e
652 1206 775 1249 collo
807 1208 1017 1250 emittens
1050 1222 1188 1266 supra
1219 1216 1386 1251 terram
1417 1225 1514 1252 sur-

212 1267 344 1310 culos
375 1267 610 1309 filiformes
637 1300 648 1318 ,
682 1275 957 1326 prostratos,
990 1267 1197 1319 foliatos,
1234 1270 1434 1322 steriles,
1466 1277 1512 1312 et

219 1329 392 1370 iterum
424 1329 678 1372 radicantes
704 1361 716 1379 ,
748 1329 827 1385 qui
858 1336 1080 1370 vocantur
1110 1331 1328 1372 stolones.

769 1446 924 1491 Caulis
941 1480 952 1491 .

268 1565 314 1622 §.
353 1568 448 1621 148.
481 1564 642 1610 caulis
687 1566 1020 1610 determinatur
1060 1583 1087 1609 a
1117 1569 1264 1626 specie
1291 1601 1303 1620 ,
1342 1584 1369 1610 a
1407 1570 1505 1612 vitae

209 1633 412 1684 tempore
437 1659 448 1678 ‚
480 1643 507 1669 a
539 1629 793 1670 substantia
820 1661 831 1678 ‚
863 1643 890 1669 a
926 1644 1136 1670 mensura
1164 1662 1176 1680 ,
1215 1630 1464 1672 directione
1490 1663 1502 1680 ,

206 1686 355 1729 forma
378 1720 389 1738 ‚
419 1689 588 1730 vestitu
609 1721 620 1740 ,
652 1686 890 1746 superficie
908 1720 927 1742 ,
955 1691 1284 1746 compositione
1308 1722 1320 1740 ‚
1351 1697 1398 1731 et
1430 1706 1504 1731 ra·-

205 1749 293 1789 mis
314 1781 324 1790 .
359 1746 560 1790 Vocatur

264 1807 420 1849 caulis
450 1809 498 1849 in
528 1823 692 1865 genere
724 1810 806 1866 qui
839 1809 1031 1851 sustinet
1055 1807 1168 1850 folia
1192 1841 1203 1860 ,
1235 1816 1281 1851 et
1309 1807 1507 1852 fructifi-

205 1869 430 1909 cationem
453 1899 463 1909 .

267 1926 470 1978 Caudex,
495 1928 577 1985 qui
605 1925 832 1986 lignosus,
862 1926 1052 1986 longus,
1081 1942 1286 1982 crassus,
1318 1930 1505 1971 conicus

208 1986 254 2027 in
289 1987 534 2030 arboribus
556 2020 567 2030 .

267 2044 419 2102 Stipes
440 2078 458 2100 ,
485 2050 566 2104 qui
609 2046 926 2103 cylindricus,
955 2056 1000 2090 et
1032 2049 1161 2106 apice
1199 2063 1329 2091 coma
1382 2049 1504 2092 fronn

209 2103 418 2148 descente
447 2116 693 2149 coronatus
720 2110 763 2149 in
796 2109 968 2151 Palmis
987 2142 995 2152 .

264 2164 477 2218 Culmus,
523 2170 605 2225 qui
646 2166 877 2210 fistulosus
900 2202 910 2220 ‚
958 2169 1157 2212 nodosus
1196 2171 1240 2210 in
1277 2168 1499 2211 Gramini-²³

208 2225 288 2267 bus
313 2258 322 2266 .

205 2286 421 2326 Praeterea
451 2284 597 2328 caulis
621 2295 688 2329 est

266 2344 520 2390 Herbaceas
545 2379 555 2397 ‚
588 2348 668 2404 qui
702 2362 878 2389 annuus
904 2381 914 2399 ‚
947 2363 1037 2391 non
1062 2346 1266 2406 lignosus
1291 2381 1299 2390 ‚
