1669 2563
199 129 284 171 282

196 231 576 291 Dolabrzformia,
609 248 822 286 carnosa,
857 232 1029 276 inferne
1056 235 1323 284 subteretia‚
1354 250 1432 275 su-

139 310 277 352 perne
309 293 531 345 dilatata,
565 301 610 336 et
640 296 864 336 instructa
895 298 991 337 acie
1023 303 1258 337 attenuata
1282 327 1299 347 ,
1328 294 1431 335 hinc

139 352 414 405 rotundam,
448 355 552 395 inde
584 363 718 396 acuta
745 387 754 396 .

200 414 640 457 Deltoideo-clavata
659 447 670 466 ,
702 429 914 465 carnosa,
948 413 1146 473 oblonga
1167 447 1178 467 ,
1210 413 1432 463 trilatera,

143 489 338 532 superne
371 476 536 517 sensim
563 477 817 531 sensimque
849 477 1096 517 incrassata
1124 507 1133 516 .

201 534 395 586 Brevia,
427 536 564 591 longa
588 566 598 576 .
631 535 944 577 Dimensiones
976 534 1196 577 foliorum
1240 531 1313 576 vel
1364 548 1435 574 re-

142 594 358 636 feruntur
400 595 458 636 ad
503 594 729 652 petiolum
753 627 765 646 ‚
801 594 874 636 vel
923 594 981 635 ad
1012 595 1190 636 caulem
1217 628 1228 646 ,
1262 592 1334 635 vel
1379 592 1436 633 ad

142 653 275 696 flores
294 687 305 706 ,
337 662 382 696 et
412 653 566 696 fulcra
599 653 763 696 florum
788 686 805 707 ,
835 652 908 697 vel
940 654 997 696 ad
1027 671 1233 697 normam
1281 654 1438 710 cogni-

144 725 235 758 tam
260 747 271 765 ,
297 729 412 771 quas
444 730 514 756 res
542 730 650 772 saepe
682 716 813 770 juvat
843 714 1144 757 determinare
1175 747 1185 757 .

199 774 406 825 Caduca,
440 788 536 832 quae
568 775 697 816 brevi
729 774 947 815 decidunt
978 777 1036 818 ab
1062 782 1227 817 exortu
1259 787 1440 822 eorum,

146 849 228 878 nec
264 837 488 892 integram
520 842 716 875 aestatem
742 831 996 889 perdurant
1020 867 1030 877 .

206 894 417 935 Decidua
436 931 447 949 ‚
478 893 596 934 idest
643 907 805 934 casura
828 925 840 943 ,
888 901 1035 935 aestate
1075 902 1257 951 peracta
1280 927 1289 936 .

206 954 499 996 Persistentia
530 959 626 993 toto
656 966 774 1010 anne
802 983 815 1002 ,
846 960 891 992 et
915 967 1025 1010 saepe
1072 956 1119 995 in
1169 969 1309 995 annos
1341 953 1442 994 lon-

149 1028 232 1072 gos
252 1045 272 1067 ,
299 1020 381 1054 aut
411 1012 556 1053 donec
586 1011 682 1053 vita
713 1010 876 1068 plantae
907 1021 975 1054 est
1001 1045 1011 1055 .

204 1072 572 1129 Sempervirentia
598 1105 610 1124 ,
641 1072 927 1128 persistentia
957 1105 969 1124 ‚
1021 1081 1066 1114 et
1117 1073 1315 1114 virentia
1364 1086 1443 1129 per

148 1135 299 1174 omnia
332 1134 440 1174 anni
470 1139 706 1190 tempora.

206 1192 461 1250 Synantlzia
486 1225 497 1243 ‚
530 1208 628 1251 quae
657 1192 935 1233 comitantur
966 1188 1122 1234 florem
1152 1224 1163 1235 .

207 1252 564 1310 Hysteranthia,
597 1267 695 1311 quae
724 1260 994 1304 nascuntur,
1020 1250 1306 1295 florescentia
1339 1265 1451 1309 prae-

150 1313 353 1371 terlapsa
376 1345 386 1355 .

206 1373 465 1431 Composita
490 1406 502 1426 ‚
532 1388 639 1415 cum
672 1370 808 1430 plura
842 1367 1013 1414 haerent
1049 1372 1196 1414 eidem
1242 1371 1449 1429 peti0103

146 1442 257 1475 tunc
283 1434 449 1476 horum
475 1432 654 1491 singula
683 1440 905 1474 vocantur
923 1432 1119 1489 foliola,
1151 1440 1196 1474 et
1222 1432 1311 1474 haec
1339 1446 1450 1489 quo-

148 1509 239 1551 que
271 1494 619 1553 distinguuntur
648 1492 898 1536 secundum
922 1492 1207 1535 characteres
1238 1493 1331 1549 jam
1364 1500 1452 1533 tra-

149 1555 271 1596 ditos
302 1554 523 1597 soliorum
556 1551 835 1611 simplicium
857 1586 867 1596 .

207 1615 455 1671 Digitata,
480 1630 586 1658 cum
618 1615 738 1673 apici
773 1612 934 1673 petioli
966 1612 1186 1672 simplicis
1207 1619 1453 1655 annectun-

150 1682 227 1716 tur
252 1675 413 1717 foliola
444 1675 583 1734 plura
614 1707 624 1717 .

208 1734 382 1778 Binata
409 1769 419 1787 ,
454 1743 629 1778 tertiata
654 1768 665 1786 ,
702 1737 919 1792 quinam,
952 1741 1186 1790 septenam
1210 1765 1222 1784 ‚
1254 1731 1329 1776 vel
1385 1732 1454 1773 di-

150 1797 505 1853 gitato-septena
530 1828 541 1847 ‚
574 1797 962 1852 digitato-novena
988 1803 1094 1836 sunt
1137 1793 1250 1835 folia
1292 1793 1455 1850 digita-

158 1864 204 1896 ta
236 1855 411 1898 scholis
461 1857 653 1914 geminis
675 1888 687 1907 ‚
723 1857 874 1898 tribus
901 1888 913 1906 ,
948 1856 1154 1912 quinque
1179 1886 1191 1904 ,
1237 1861 1412 1910 septem
1441 1884 1453 1902 ,

157 1930 320 1957 novem
339 1947 349 1957 .

215 1975 455 2025 Pinnata,
486 1990 594 2018 cum
625 1973 763 2032 plura
808 1973 971 2016 foliola
1011 1981 1118 2016 sunt
1166 1971 1363 2014 disticha
1408 1974 1455 2012 in

161 2035 333 2094 petiolo
366 2036 600 2077 communi
631 2069 641 2078 .

213 2096 604 2153 Impari-pinnata
622 2128 633 2147 ,
661 2096 848 2153 pinnata
866 2126 878 2146 ,
908 2100 954 2135 et
1002 2094 1242 2135 terminata
1294 2091 1457 2133 foliolo

158 2158 323 2214 impari
353 2189 363 2198 .

218 2216 638 2273 Abrupte-pinnata
664 2251 676 2268 ,
709 2216 896 2272 pinnata
918 2246 930 2264 ,
962 2212 1124 2255 foliolo
1155 2214 1320 2269 impari
1359 2245 1370 2263 ,
1414 2218 1459 2253 et

158 2291 435 2335 quacunque
480 2277 731 2335 appendice
762 2273 991 2317 terminali
1024 2271 1257 2315 deficiente
1279 2305 1288 2315 .
