1669 2563
1322 129 1401 169 251

186 228 435 286 apotheciis
453 261 463 280 ‚
486 227 844 277 subrotundum,
877 228 1045 278 sessile,
1073 227 1463 286 pulverulentum,

187 305 391 346 sparsum
420 291 467 340 in
495 284 730 343 superficie
756 285 889 328 thalli
913 318 923 327 .

243 349 288 404 ἓ.
327 363 417 404 127.
462 345 688 388 Sorediam
732 353 798 387 est
846 345 1138 401 apothecium
1189 347 1361 391 factum
1409 367 1465 392 ex

185 407 397 465 pluribus
427 403 692 463 propagulis
720 407 1001 447 coacervatis
1022 437 1033 447 .

242 467 285 521 ς.
323 466 417 507 128.
447 463 714 505 Pulvinulas
744 473 810 505 est
835 464 1128 521 apothecium
1149 469 1465 519 accessorium,

184 525 427 566 formatum
459 522 644 579 papillis
669 523 957 581 simplicibus
981 556 992 575 ‚
1025 522 1099 565 vel
1135 527 1323 568 ramosis
1349 558 1360 576 ‚
1392 541 1467 569 cae-

183 586 390 642 spitosis,
425 583 594 639 nigris,
626 582 698 624 vel
730 584 1137 626 atro-virentibus.

243 643 287 698 §.
321 657 413 699 129.
445 641 663 698 Cyphella
693 650 760 685 est
788 643 1079 701 apothecium
1124 645 1425 685 accessorium
1453 678 1464 696 ‚

181 703 319 744 situm
344 703 390 743 in
422 704 585 760 pagina
617 701 830 745 inferiore
851 703 1014 754 thalli,
1046 704 1177 745 initio
1208 706 1434 745 minutum
1454 737 1465 755 ‚

178 760 419 818 globosum
443 794 454 812 ‚
486 760 720 804 inclusum
750 764 798 805 in
823 764 1079 807 substantia
1107 762 1318 806 corticali
1351 764 1465 805 thal-

178 821 250 871 li,
294 821 456 863 deinde
506 825 793 878 prominens,
845 832 1056 880 apertum
1102 822 1300 865 scutellae
1326 856 1338 875 ,
1391 823 1464 865 vel

178 881 355 922 urceoli
385 884 550 931 instar,
581 881 791 925 albidum
815 915 825 925 .
859 884 963 936 Quae
995 887 1053 925 sit
1082 890 1247 925 natura
1276 884 1468 941 apothe-

174 942 352 982 ciorum
372 943 742 994 accessoriorum,
769 943 918 985 adhuc
943 946 1183 985 incertum.
1208 943 1467 1001 Hedwigius

176 999 341 1042 habuit
371 1016 454 1059 pro
476 1005 656 1057 organis
685 1002 898 1053 masculis
918 1036 928 1054 ,
961 1003 1185 1046 Acharius
1215 1018 1298 1061 pro
1329 1003 1467 1046 foemi-

179 1062 276 1102 neis
295 1093 305 1102 .
336 1060 424 1104 Res
455 1060 654 1104 ulterius
677 1063 989 1121 investiganda
1007 1095 1017 1106 .

239 1121 285 1176 ς.
317 1124 411 1165 130.
455 1120 720 1177 Hymenz'um
749 1130 817 1165 est
847 1122 1186 1182 receptaculum
1216 1137 1468 1180 expansum

178 1179 435 1236 Fungorum
455 1215 466 1234 ‚
494 1190 668 1238 partem
700 1182 810 1241 pilei
841 1182 930 1225 late
963 1192 1145 1241 tegens,
1177 1182 1347 1238 elytras
1392 1198 1469 1224 oc-

174 1239 355 1283 cultans
375 1275 385 1285 .
417 1243 455 1283 A
487 1242 646 1286 formis
669 1274 680 1292 ‚
713 1258 826 1301 quas
870 1247 1092 1293 assumit,
1146 1251 1343 1300 quatuor
1397 1258 1467 1285 se-

174 1309 364 1357 quentes
393 1303 548 1346 modos
577 1304 728 1354 sistit,
762 1305 807 1345 in
839 1319 998 1361 genere
1037 1311 1190 1345 autem
1222 1303 1392 1344 dicitur

234 1359 376 1413 Leve,
421 1377 527 1405 cum
570 1361 722 1405 nullas
768 1364 1136 1421 protuberantias
1163 1396 1176 1415 ‚
1209 1362 1283 1406 vel
1327 1378 1465 1421 rugas

175 1419 313 1462 habet
338 1454 348 1464 .

233 1480 460 1523 Plicatum
485 1515 496 1533 ‚
529 1497 634 1525 cum
666 1483 793 1539 rugis
821 1483 1097 1525 instructum
1122 1514 1133 1526 .

231 1539 534 1584 Reticulatam
563 1558 589 1584 a
620 1541 752 1599 plicis
783 1541 1037 1585 reticulatis
1059 1575 1070 1585 .

229 1599 275 1655 ς.
326 1603 420 1644 131.
470 1601 672 1644 Lamella
722 1600 772 1643 fit
823 1603 1037 1658 hymenio
1083 1602 1428 1644 membranaceo
1450 1634 1462 1652 ,

170 1656 364 1702 foliaceo
383 1693 394 1712 ,
427 1662 474 1703 in
499 1661 714 1704 laminam
738 1661 1019 1705 conformato
1047 1696 1057 1705 .
1089 1663 1333 1720 Congeries
1384 1662 1461 1703 ha-

170 1734 276 1761 rum
306 1718 598 1764 lamellarum
626 1721 916 1764 verticalium
942 1738 1050 1780 saepe
1095 1730 1184 1764 stat
1216 1726 1262 1764 in
1294 1724 1459 1779 pagina

169 1778 384 1823 inferiore
414 1781 554 1840 pilei,
593 1782 841 1824 directione
880 1798 907 1824 a
938 1790 1109 1840 puncto
1162 1782 1353 1825 centrali
1402 1783 1460 1823 ad

170 1839 474 1897 peripheriam
498 1874 510 1893 ‚
543 1843 735 1884 subinde
766 1845 902 1884 etiam
932 1845 1026 1885 sine
1062 1841 1163 1885 ulla
1207 1844 1460 1885 directione

170 1903 391 1942 constanti
416 1934 426 1943 .
458 1901 669 1944 Lamellae
699 1903 877 1944 variant

229 1959 439 2017 AEquales
456 1994 467 2013 ‚
501 1963 737 2019 inaequales
760 1964 875 2004 inter
909 1977 975 2005 se.

228 2018 466 2063 Biseriales
482 2054 493 2073 ‚
520 2024 753 2066 triseriales
779 2056 790 2074 ‚
816 2038 922 2064 cum
951 2022 1125 2066 alterne
1175 2021 1418 2081 inaequales
1443 2055 1453 2072 ‚

172 2077 245 2120 vel
274 2080 514 2137 inaequales
544 2096 734 2125 numero
768 2085 964 2125 ternario
988 2116 998 2126 .

231 2137 462 2195 Simplices
482 2174 493 2192 ,
527 2156 705 2184 ramosoe
723 2176 732 2185 .

232 2197 459 2252 Dedaleoe‚
481 2217 577 2258 quae
609 2211 862 2245 excurrunt
883 2203 1132 2247 directione
1165 2201 1466 2260 quodammo-

171 2257 228 2300 do
260 2257 557 2315 labyrinthaea
575 2295 586 2314 ‚
614 2263 795 2305 sinuosa
820 2295 828 2304 .
