1669 2563
270 169 296 211 6

207 272 421 324 cellulas,
447 281 500 316 ut
523 279 696 315 meatus
719 288 744 314 a
765 269 937 314 cellula
959 271 1004 311 in
1029 265 1249 312 cellulam
1275 278 1355 306 nos
1372 262 1484 306 late-

207 351 254 376 re
279 335 500 376 diximus.
521 333 776 378 Circulatio
798 333 920 374 succi
942 329 1048 371 illos
1072 330 1270 370 existere
1292 326 1484 368 evincit.

265 394 309 450 §.
343 409 410 436 21.
444 393 722 451 Malpighius
746 392 1005 433 autumavit
1029 404 1135 430 vasa
1156 388 1244 429 haec
1277 392 1488 428 constare

206 452 369 496 fistuliS
390 454 639 511 quadratis,
668 451 858 510 singulis
884 453 929 491 in
968 448 1170 506 singulas
1212 445 1449 488 hiantibus
1473 476 1485 496 ,

207 519 272 556 ita
295 522 443 555 tamen
461 546 472 564 ‚
497 522 550 554 ut
571 512 750 570 singula
777 513 925 569 portio
945 543 956 560 ‚
982 524 1088 551 cum
1113 522 1278 565 parum
1294 507 1488 546 interius

207 577 401 616 emineat
419 607 431 625 ,
457 572 649 615 valvulae
674 574 796 615 vices
823 569 1035 628 suppleat
1057 601 1068 619 ,
1095 576 1142 609 et
1187 569 1253 608 ita
1299 567 1489 607 minima

207 650 394 692 quaeque
428 632 611 691 guttula
640 631 786 674 veluti
818 646 897 688 per
929 626 1193 679 funem,ve1
1218 642 1297 684 per
1318 624 1488 682 gradus

207 695 264 735 ad
295 697 450 750 ingens
475 693 729 736 deducatur
750 691 985 749 fastigium
1003 722 1013 732 .
1039 689 1144 743 Quae
1183 702 1254 729 res
1301 699 1488 744 prorsus

207 754 519 797 commentitia
537 785 547 795 .

264 814 309 869 ς.
342 827 410 855 22.
443 812 541 854 Neo
572 809 752 853 meliori
783 811 931 851 omine
963 823 1015 850 ea
1061 804 1354 862 recipienda,
1388 817 1488 860 quae

206 873 261 914 de
297 874 625 930 compositione
674 870 929 928 lignearum
976 868 1196 911 fibrarum
1246 865 1489 906 somniavit

205 933 438 983 Grewius,
470 934 551 989 qui
578 932 696 972 dixit
722 932 941 988 parietem
982 929 1101 969 vasis
1144 927 1237 981 jam
1284 940 1341 966 ex
1383 922 1488 964 aliis

205 993 462 1034 minoribus
481 993 600 1034 vasis
624 992 834 1047 componi
854 1022 864 1040 ‚
891 1003 1090 1046 quorum
1113 987 1312 1027 tenuitas
1361 990 1489 1024 tanta

208 1062 291 1102 cst,
315 1061 366 1093 ut
382 1060 478 1093 se‘tae
494 1053 666 1109 equinae
688 1053 958 1092 tenuitatem
976 1047 1145 1088 millies
1168 1045 1262 1087 fere
1288 1050 1488 1101 superet.

265 1113 309 1167 ξ.
343 1114 415 1155 23.
446 1110 642 1153 Rectene
668 1111 806 1151 sensit
834 1107 1078 1150 Mirbelius
1097 1139 1108 1157 ,
1159 1106 1270 1146 dum
1318 1104 1489 1145 horum

203 1187 416 1212 vasorum
441 1179 637 1227 systema
661 1185 767 1212 cum
794 1168 1008 1211 cellulari
1036 1173 1278 1221 systemate
1300 1165 1390 1219 jam
1408 1163 1488 1204 de—

203 1234 372 1288 scripto
389 1230 616 1273 confudit?
634 1230 817 1270 Minime
838 1228 1038 1285 quidem.
1059 1227 1177 1267 Nam
1199 1226 1489 1280 distinguunt

201 1292 347 1332 forma
367 1323 378 1341 ,
406 1294 520 1332 situs
539 1323 549 1341 ‚
569 1289 767 1332 officium
787 1320 797 1338 ‚
815 1289 996 1328 densior
1014 1295 1166 1327 textus
1185 1317 1195 1335 ,
1218 1284 1364 1340 major
1381 1297 1488 1325 cum

199 1353 422 1409 ruptioni,
450 1358 548 1392 tum
569 1349 864 1391 macerationi
887 1348 1141 1389 resistentia
1160 1377 1170 1388 .

641 1468 763 1514 Vasa
792 1465 1049 1510 trachealia.

254 1592 299 1648 §.
333 1594 402 1646 24.
421 1590 538 1633 Vasa
558 1622 568 1640 ,
595 1602 691 1646 quae
707 1602 855 1629 aerem
877 1587 1101 1645 praecipue
1118 1583 1380 1634 includunt,
1403 1597 1487 1625 va-

194 1665 340 1693 sorum
363 1652 648 1693 trachealium
693 1649 872 1689 nomine
893 1649 951 1689 ab
990 1647 1255 1688 anatomicis
1304 1645 1484 1686 donata.

193 1712 294 1754 Haec
311 1712 395 1753 sul)
413 1712 602 1752 (liversis
621 1725 664 1751 se
682 1724 724 1750 se
748 1708 946 1765 praebent
962 1706 1135 1757 formis,
1162 1706 1384 1747 tuborum
1402 1706 1487 1746 sci-

195 1771 305 1813 licet
329 1773 450 1829 poriS
468 1778 758 1827 pertusoruin
779 1767 907 1818 ‚alias
930 1766 1370 1824 strangulationibus
1410 1779 1486 1805 or-

193 1832 345 1872 dinate
369 1832 736 1878 constrictorum,
760 1827 1063 1877 trachearum‚
1087 1842 1199 1883 quas
1221 1827 1398 1882 spurias
1420 1824 1486 1864 di-

191 1900 319 1942 cunt,
338 1901 382 1933 et
405 1890 690 1933 trachearum
708 1889 893 1946 proprio
916 1903 1061 1929 sensu,
1084 1887 1135 1927 In
1151 1900 1311 1943 genere
1327 1883 1484 1925 lumen

195 1951 361 1993 horum
384 1965 597 1992 vasorum
613 1949 779 2004 majus,
797 1963 935 2005 quam
955 1950 1002 1989 in
1021 1946 1318 2004 lymphaticis
1335 1945 1453 1985 vasis
1472 1976 1481 1985 .

255 2011 299 2066 §.
336 2012 407 2052 25.
446 2010 562 2052 Tubz'
603 2013 730 2065 poris
767 2010 943 2065 pertusi
985 2008 1187 2065 gandent
1217 2005 1485 2046 membrana

193 2069 320 2112 firma
339 2103 350 2121 ‚
379 2072 519 2127 spissa
538 2102 549 2120 ‚
595 2068 688 2111 fere
732 2083 873 2126 opaca
893 2100 903 2119 ‚
931 2083 1105 2125 perque
1150 2074 1293 2107 totam
1326 2078 1485 2106 eorum

188 2129 475 2188 superficiem
496 2130 724 2171 meatibus
749 2143 972 2186 pororum
994 2143 1074 2185 per
1103 2129 1240 2169 series
1256 2134 1485 2167 transver-

192 2206 262 2232 sas
306 2206 362 2232 ex
387 2191 544 2231 ordine
569 2191 731 2247 positis
753 2196 954 2238 scatent3
977 2190 1058 2245 qui
1081 2189 1183 2244 pori
1208 2201 1260 2228 eo
1304 2186 1488 2226 tenuio—

187 2266 259 2292 res
277 2283 288 2301 ‚
313 2266 405 2307 quo
432 2250 610 2308 lignum
633 2250 798 2291 durius
817 2281 826 2291 .
860 2249 1064 2305 Quisque
1080 2255 1259 2288 meatus
1282 2247 1487 2302 margine

189 2309 455 2369 prominulo
475 2344 486 2362 ‚
510 2311 652 2369 spisso
687 2309 1004 2353 circumdatur
1028 2341 1039 2360 ‚
1080 2323 1162 2351 nec
1196 2322 1304 2352 cum
1334 2306 1489 2364 granis
