1669 2563
164 184 220 225 62·

108 297 155 330 et
182 286 383 329 vicissim
409 316 418 325 .
464 281 639 324 Verum
672 295 779 321 cum
820 277 1076 320 similitudo
1107 277 1196 318 haec
1228 277 1275 316 in
1319 275 1412 316 dis—

112 349 365 389 tributione
402 357 640 385 ramorum
687 356 842 397 reapse
888 354 976 380 non
1028 344 1240 379 occurrat
1266 369 1277 386 ,
1308 351 1413 376 cum

114 408 241 449 radix
274 407 493 447 deorsum
523 435 534 452 ,
568 402 681 442 rami
714 415 894 441 sursum
939 400 1163 439 constanti
1214 396 1307 438 fere
1340 411 1415 436 na-

115 477 224 510 turae
256 467 355 524 lege
411 461 688 505 contendant
711 493 722 511 ,
769 475 873 501 cum
906 459 1038 500 radix
1088 473 1322 514 nunquam
1353 459 1417 498 vi-

117 536 262 570 rescat
290 559 300 577 ,
334 525 447 567 lleet
480 521 565 564 soli
597 523 803 579 exposita
828 553 839 570 ,
870 534 976 561 cum
1000 533 1120 560 mors
1145 519 1276 567 rami,
1301 532 1418 557 mor-

118 597 197 629 tua
229 587 399 636 radice,
437 598 535 640 quae
564 582 713 623 eidem
738 579 995 638 respondet,
1024 577 1281 620 nullimode
1308 592 1418 617 con-

118 651 281 705 tingat:
308 646 412 688 ideo
440 643 722 686 Sennebierii
747 641 965 683 sententia
986 639 1040 680 de
1065 639 1300 688 strictiori,
1323 652 1420 678 mu-

120 717 293 765 tuaque
322 707 492 748 harum
523 704 725 759 partium
758 703 931 742 ratione
962 697 1218 740 infirmatur
1242 731 1253 740 .

179 769 224 823 §.
256 770 357 810 310.
390 763 653 823 Epidermis
674 794 686 812 ‚
720 776 819 818 quae
854 760 1055 802 radicem
1088 759 1226 800 vestit
1252 790 1263 808 ,
1295 759 1425 815 poris

121 835 270 870 caret.
302 828 502 868 Moritur
536 825 637 880 ipsa
672 836 857 879 quoque
892 823 938 864 in
969 818 1249 878 quibusdam
1300 817 1424 857 radi-⁹

122 890 269 938 elbus,
286 896 340 928 ut
362 889 410 929 in
434 882 710 943 quibusdam
734 880 948 923 caulibus
965 913 976 931 ,
1009 887 1145 936 atque
1167 881 1213 919 in
1237 881 1426 920 exuvias

124 949 325 997 secedit,
357 960 455 1004 quae
504 944 763 999 suppositas
807 948 959 998 partes
989 938 1222 981 custodire
1248 971 1259 990 ,
1293 947 1337 980 et
1369 940 1427 980 ab

125 1010 323 1050 externis
343 1004 525 1062 injuriis
555 1001 795 1042 defendere
821 999 975 1041 valent
998 1031 1008 1041 .

185 1069 229 1123 ς.
262 1082 362 1108 211.
396 1064 532 1106 Ratio
563 1061 773 1103 medullae
806 1062 852 1101 in
885 1058 1036 1100 radice
1058 1056 1428 1113 dicotyledonea-

128 1143 231 1169 rum
262 1126 532 1184 plantarum
578 1121 832 1180 plurimum
879 1120 1060 1165 variat.
1094 1117 1274 1159 Etenim
1318 1117 1432 1158 Mal-

129 1188 314 1245 pighius
340 1219 351 1238 ,
384 1192 432 1227 et
461 1183 666 1225 Grewius
691 1181 994 1223 observarunt
1015 1211 1026 1229 ,
1062 1178 1259 1220 radicem
1309 1192 1432 1218 nunc

129 1264 210 1305 per
258 1247 449 1304 longum
493 1242 663 1283 habere
688 1255 895 1289 cavum,
946 1253 1040 1297 quo
1088 1253 1300 1279 carneam
1332 1253 1430 1277 Ine-⁴

129 1306 310 1348 dullam
375 1302 605 1352 custodit,
637 1315 758 1342 nunc
810 1299 979 1341 habere
1033 1296 1218 1339 nullum
1257 1330 1268 1349 ‚
1314 1311 1436 1337 nunc

131 1369 243 1409 satiS
291 1365 593 1424 conspicuum
631 1363 754 1402 circa
798 1362 1081 1401 summitates
1126 1373 1230 1399 suas
1255 1390 1266 1399 .
1299 1356 1437 1398 Earn-.

130 1428 234 1469 dem
266 1442 362 1469 rem
393 1422 711 1482 superioribus
740 1420 905 1463 diebus
948 1418 1237 1460 confirmavit
1280 1417 1437 1459 Achil-

132 1488 199 1530 les
230 1486 491 1530 Richardus
515 1515 525 1524 .

195 1548 239 1603 ᾗ.
273 1561 369 1588 212.
402 1545 462 1585 At
490 1544 701 1583 insuntne
734 1539 923 1581 tracheae
954 1539 1000 1578 in
1030 1537 1154 1579 hisce
1171 1536 1437 1579 radicibus?

137 1607 419 1665 Malpighius
443 1636 453 1654 ,
499 1610 544 1642 et
574 1601 778 1642 Grewius
822 1599 877 1640 de
908 1614 955 1639 re
986 1613 1077 1638 non
1126 1597 1400 1638 dubitarunt
1428 1630 1437 1638 .

139 1669 436 1724 Denegarunt
466 1660 708 1704 Mirbelius
733 1693 743 1712 ,
775 1667 820 1701 et
848 1658 1040 1700 Linkius
1065 1675 1075 1707 3
1098 1666 1254 1714 postea
1274 1657 1440 1697 Mirhe-

141 1728 234 1769 lius
266 1730 313 1769 in
343 1722 620 1782 quibusdam
656 1721 891 1762 radicibus
921 1719 1104 1760 admisit
1122 1750 1133 1759 .
1157 1718 1245 1759 Res
1269 1725 1441 1758 senten-

143 1791 207 1829 tia
235 1794 393 1828 nostra
431 1782 713 1840 diligentiori
745 1780 952 1822 examine
983 1778 1119 1835 digna
1139 1810 1150 1827 ,
1188 1787 1300 1818 'cum
1347 1793 1442 1817 me·-

144 1847 279 1889 dullae
310 1844 545 1894 defectus,
578 1841 652 1884 vel
684 1842 917 1899 praesentia
948 1838 1194 1888 defectum,
1224 1836 1299 1879 vel
1331 1852 1442 1894 prae=-

146 1909 339 1950 sentiam
371 1903 665 1947 trachearum
699 1900 973 1960 portendant
998 1931 1007 1941 .

205 1969 249 2023 ς.
283 1968 383 2007 213.
429 1963 580 2005 Radix
636 1975 886 2020 perennans
934 1959 1148 2000 deorsum
1200 1958 1444 2014 quotannis

149 2027 452 2086 protrahitur,
485 2030 625 2081 prout
655 2021 802 2063 caulis
824 2019 1026 2078 lignosus
1051 2033 1232 2059 sursum
1261 2050 1271 2067 ,
1306 2017 1444 2073 idque.

147 2105 203 2130 ex
236 2085 431 2129 Hamelii
464 2082 683 2141 periculis
715 2082 939 2139 praecipue
970 2081 1195 2135 contingit
1237 2079 1284 2118 in
1328 2085 1445 2118 aue*

148 2155 289 2190 nuato
317 2146 482 2188 radicis
511 2146 656 2202 apice,
687 2158 739 2183 eo
769 2141 895 2199 quod
924 2143 1007 2182 iste
1037 2155 1142 2181 culn
1165 2140 1318 2195 junior
1349 2170 1360 2187 ,
1381 2139 1445 2177 ita

150 2217 197 2250 et
228 2209 426 2249 tenerior
459 2206 520 2246 sit
546 2237 555 2246 .
801 2219 802 2224 ¹

212 2268 256 2323 ξ.
290 2269 388 2320 214.
424 2264 637 2307 Officium
672 2262 836 2304 radicis
867 2269 935 2303 est
962 2259 1142 2301 firmare
1174 2257 1379 2316 plantam
1400 2258 1447 2297 in

155 2328 252 2370 solo
272 2361 283 2379 ,
311 2327 468 2385 ibique
488 2325 758 2368 alimentum
781 2321 928 2366 veluti
949 2322 1161 2363 manibus
1186 2320 1448 2377 quaeritare;
