1669 2563
709 286 818 345 Quae
863 289 953 331 vita
977 321 986 329 .

264 406 308 461 ἓ.
339 408 438 462 427.
470 405 567 449 Neo
598 409 748 449 minus
793 416 941 449 tamen
986 407 1050 448 hae
1099 406 1262 465 plantae
1291 408 1454 449 vivunt
1481 440 1492 459 ,

204 468 526 508 ineitabilitate
581 467 808 509 donantur
847 500 857 518 ,
929 466 1127 510 stimulis
1190 467 1450 509 afficiuntur
1483 500 1495 518 ‚

205 528 376 584 quibus
396 530 567 568 amissis
591 560 602 578 ,
633 530 774 569 vitam
812 529 1028 569 amittunt
1054 544 1064 577 ;
1097 535 1143 569 at
1174 528 1220 568 id
1266 526 1498 585 singulare

203 587 399 638 habent,
433 595 486 628 ut
528 587 692 629 harum
743 586 896 628 multae
946 589 1105 630 mortis
1154 588 1376 645 imagini,
1408 602 1500 628 non

201 649 339 688 morti
372 661 483 688 verae
507 681 518 699 ‚
550 663 606 689 ex
637 646 818 689 defectu
861 646 1068 688 alimenti
1123 649 1210 688 sint
1262 648 1465 688 obnoxiae
1485 678 1497 696 ,

202 723 343 764 quare
378 707 712 749 contrahuntur
742 710 907 749 inertes
938 707 1243 764 quorumdam
1288 706 1501 747 animali-

203 783 282 808 um
313 769 457 808 instar
481 800 492 818 ‚
528 776 597 817 ut,
630 767 820 808 humore
852 769 1076 808 excitante
1107 782 1263 808 earum
1316 764 1501 823 superfi-

203 829 289 868 ciei
319 829 488 867 iterum
508 826 744 883 applicito,
775 826 981 868 mirando
1014 842 1116 868 sane
1147 826 1407 883 spectaculo
1432 842 1498 866 re-

204 889 428 929 viviscant
450 918 461 937 ‚
494 887 618 943 quod
649 887 833 943 quidem
863 888 983 928 intra
1033 884 1267 927 definitum
1321 894 1502 942 tempus

208 948 407 1004 obtingit
433 977 445 997 ,
478 960 570 1003 quo
603 946 756 1003 elapso
775 977 787 996 ,
812 960 933 987 mors
963 960 1070 987 vera
1100 945 1281 987 tandem
1305 947 1501 1003 insequi-

207 1015 286 1049 tur
311 1038 320 1048 .

554 1122 740 1180 Organa
764 1124 1112 1181 propagationis
1146 1155 1154 1164 .

261 1243 306 1299 ὃ.
338 1244 437 1298 428.
469 1242 557 1285 Pro
602 1244 783 1300 organis
811 1244 1152 1300 propagationis
1202 1240 1504 1300 intelligimus

206 1319 259 1345 ea
285 1306 433 1345 omnia
451 1336 462 1354 ‚
494 1318 592 1361 quae
622 1304 680 1344 ad
710 1301 866 1344 florem
886 1336 896 1354 ,
922 1312 967 1344 et
987 1302 1189 1345 fructum
1243 1302 1505 1360 plantarum

202 1364 637 1420 acotyledonearum
668 1366 899 1420 pertinent
922 1395 934 1414 ,
970 1378 1066 1420 quae
1097 1362 1284 1420 quidem
1337 1378 1506 1420 organa.

200 1439 284 1466 neo
316 1423 472 1466 florem
491 1456 502 1475 ‚
534 1439 615 1465 neo
646 1423 850 1465 fructum
873 1422 1080 1465 referunt
1100 1423 1362 1481 plantarum
1385 1423 1502 1480 phae-

201 1499 504 1541 nogamarum
539 1516 549 1525 .

260 1545 304 1600 §.
336 1547 438 1600 429.
469 1543 675 1584 Linnaeus
695 1575 706 1593 ,
739 1558 843 1583 cum
876 1556 1044 1599 organa
1092 1543 1401 1599 generationis
1452 1543 1501 1582 in

202 1604 544 1659 acotyledoneis
575 1605 676 1644 visu
727 1602 936 1659 detegere
986 1617 1076 1643 non
1124 1604 1350 1659 potuisset
1377 1633 1388 1651 ,
1445 1601 1502 1641 de

203 1667 261 1705 iis
310 1664 536 1718 judicavit
566 1664 624 1704 ab
676 1662 888 1719 analogia
933 1661 1195 1703 eorumdem
1228 1676 1504 1718 organorum

201 1726 250 1764 in
284 1723 611 1781 phaenogamiS.
641 1721 828 1764 Putavit
857 1730 1024 1772 autem,
1057 1724 1241 1778 nuptias
1296 1721 1501 1761 recondi-

205 1791 272 1825 tas
303 1786 351 1823 in
396 1782 734 1838 aeotyledoneis
783 1782 880 1822 dari
913 1796 1072 1839 3quare
1123 1790 1506 1839 cryptogamarum

198 1845 463 1901 plantarum
493 1857 655 1883 nomen
685 1841 780 1883 illis
811 1840 948 1884 feeit.

268 1903 311 1959 §.
337 1904 438 1956 430.
471 1902 577 1943 Post
592 1901 823 1943 Linnaeum
850 1901 1005 1959 plures
1022 1907 1248 1952 auctores,
1270 1900 1505 1957 Hedwigio

210 1963 351 2014 duce,
385 1963 688 2020 generationis
719 1970 870 2019 partes
892 1994 902 2012 ,
937 1963 1365 2018 generationemque
1416 1962 1502 2001 de-

204 2030 371 2064 tectam
401 2025 449 2064 in
478 2020 814 2077 aootyledoneis
844 2022 1196 2079 perhibuerunt3
1228 2028 1274 2061 at
1301 2036 1396 2061 rem
1426 2021 1507 2061 de·-

207 2090 433 2141 negarunt
461 2081 558 2132 alii,
590 2089 635 2123 et
663 2081 813 2122 adhuc
843 2082 1090 2138 denegant,
1121 2082 1216 2122 Hae
1259 2080 1314 2121 de
1370 2096 1507 2122 eausa

209 2158 376 2200 organa
407 2142 744 2200 propagationis
763 2174 773 2192 ‚
806 2141 860 2182 de
892 2143 1062 2198 quibus
1114 2155 1235 2182 nuno
1283 2143 1459 2198 agimus
1489 2173 1500 2191 ‚

210 2202 371 2244 multis
395 2235 406 2254 ‚
438 2203 720 2259 diversisque
773 2203 1034 2243 nominibus
1086 2204 1132 2243 in
1188 2202 1378 2242 seientiae
1429 2201 1503 2241 da-

209 2278 365 2306 mnum
395 2270 658 2321 nuncupata
681 2295 690 2305 .
724 2260 820 2304 Nos
849 2264 897 2304 in
942 2270 1066 2304 tanta
1096 2263 1342 2304 verborum
1373 2263 1506 2318 copia
