<?xml version="1.0" encoding="UTF-8"?>
<!DOCTYPE html PUBLIC "-//W3C//DTD XHTML 1.0 Transitional//EN"
    "http://www.w3.org/TR/xhtml1/DTD/xhtml1-transitional.dtd">
<html xmlns="http://www.w3.org/1999/xhtml" xml:lang="en" lang="en">
 <head>
  <title>
</title>
<meta http-equiv="Content-Type" content="text/html;charset=utf-8" />
  <meta name='ocr-system' content='tesseract 3.04.00' />
  <meta name='ocr-capabilities' content='ocr_page ocr_carea ocr_par ocr_line ocrx_word'/>
</head>
<body>
  <div class='ocr_page' id='page_1' title='image "antoniibertoloni00bert_0067.png"; bbox 0 0 1669 2563; ppageno 0'>
   <div class='ocr_carea' id='block_1_1' title="bbox 1394 142 1446 182">
    <p class='ocr_par' dir='ltr' id='par_1_1' title="bbox 1394 142 1446 182">
     <span class='ocr_line' id='line_1_1' title="bbox 1394 142 1446 182; baseline 0.019 -1"><span class='ocrx_word' id='word_1_1' title='bbox 1394 142 1446 182; x_wconf 86' lang='lat'>55</span> 
     </span>
    </p>
   </div>
   <div class='ocr_carea' id='block_1_2' title="bbox 214 245 1551 2398">
    <p class='ocr_par' dir='ltr' id='par_1_2' title="bbox 214 245 1510 485">
     <span class='ocr_line' id='line_1_2' title="bbox 214 245 1507 316; baseline -0.007 -21"><span class='ocrx_word' id='word_1_2' title='bbox 214 259 504 316; x_wconf 70' lang='lat' dir='ltr'>angustiores</span> <span class='ocrx_word' id='word_1_3' title='bbox 529 287 539 305; x_wconf 83' lang='lat'><strong><em>‚</em></strong></span> <span class='ocrx_word' id='word_1_4' title='bbox 574 251 781 296; x_wconf 84' lang='lat' dir='ltr'>obductae</span> <span class='ocrx_word' id='word_1_5' title='bbox 813 246 990 305; x_wconf 78' lang='lat' dir='ltr'>glutine</span> <span class='ocrx_word' id='word_1_6' title='bbox 1017 278 1028 293; x_wconf 83' lang='lat'>‚</span> <span class='ocrx_word' id='word_1_7' title='bbox 1063 245 1168 302; x_wconf 89' lang='lat' dir='ltr'>plus</span> <span class='ocrx_word' id='word_1_8' title='bbox 1189 246 1394 287; x_wconf 86' lang='lat' dir='ltr'>minusve</span> <span class='ocrx_word' id='word_1_9' title='bbox 1417 245 1507 286; x_wconf 86' lang='lat' dir='ltr'>hir-</span> 
     </span>
     <span class='ocr_line' id='line_1_3' title="bbox 217 303 1510 368; baseline -0.012 -8"><span class='ocrx_word' id='word_1_10' title='bbox 217 321 337 360; x_wconf 77' lang='lat' dir='ltr'>sutia</span> <span class='ocrx_word' id='word_1_11' title='bbox 369 322 615 363; x_wconf 77' lang='lat' dir='ltr'>scatente53</span> <span class='ocrx_word' id='word_1_12' title='bbox 648 325 744 368; x_wconf 81' lang='lat' dir='ltr'>quae</span> <span class='ocrx_word' id='word_1_13' title='bbox 774 324 843 350; x_wconf 86' lang='lat' dir='ltr'>res</span> <span class='ocrx_word' id='word_1_14' title='bbox 868 306 1122 364; x_wconf 77' lang='lat' dir='ltr'>plurimum</span> <span class='ocrx_word' id='word_1_15' title='bbox 1153 303 1305 344; x_wconf 80' lang='lat' dir='ltr'>valent</span> <span class='ocrx_word' id='word_1_16' title='bbox 1325 305 1380 345; x_wconf 87' lang='lat' dir='ltr'>ad</span> <span class='ocrx_word' id='word_1_17' title='bbox 1404 320 1510 361; x_wconf 80' lang='lat' dir='ltr'>pro—</span> 
     </span>
     <span class='ocr_line' id='line_1_4' title="bbox 216 363 1510 431; baseline -0.012 -12"><span class='ocrx_word' id='word_1_18' title='bbox 216 378 466 420; x_wconf 88' lang='lat' dir='ltr'>hibendum</span> <span class='ocrx_word' id='word_1_19' title='bbox 503 387 685 431; x_wconf 81' lang='lat' dir='ltr'><strong>germen</strong></span> <span class='ocrx_word' id='word_1_20' title='bbox 719 385 745 410; x_wconf 85' lang='lat' dir='ltr'>a</span> <span class='ocrx_word' id='word_1_21' title='bbox 784 374 1104 424; x_wconf 79' lang='lat' dir='ltr'><strong>tempestatum</strong></span> <span class='ocrx_word' id='word_1_22' title='bbox 1138 363 1335 418; x_wconf 74' lang='lat' dir='ltr'>injuriis,</span> <span class='ocrx_word' id='word_1_23' title='bbox 1381 373 1426 405; x_wconf 81' lang='lat' dir='ltr'>et</span> <span class='ocrx_word' id='word_1_24' title='bbox 1452 366 1510 406; x_wconf 77' lang='lat' dir='ltr'>ab</span> 
     </span>
     <span class='ocr_line' id='line_1_5' title="bbox 216 427 1023 485; baseline -0.019 -5"><span class='ocrx_word' id='word_1_25' title='bbox 216 441 495 480; x_wconf 79' lang='lat' dir='ltr'>insectorum</span> <span class='ocrx_word' id='word_1_26' title='bbox 538 447 618 473; x_wconf 91' lang='lat' dir='ltr'>esu</span> <span class='ocrx_word' id='word_1_27' title='bbox 650 427 985 485; x_wconf 78' lang='lat' dir='ltr'>defendendum</span> <span class='ocrx_word' id='word_1_28' title='bbox 1012 457 1023 467; x_wconf 88' lang='lat'><strong>.</strong></span> 
     </span>
    </p>

    <p class='ocr_par' dir='ltr' id='par_1_3' title="bbox 216 479 1517 727">
     <span class='ocr_line' id='line_1_6' title="bbox 277 479 1512 553; baseline -0.014 -14"><span class='ocrx_word' id='word_1_29' title='bbox 277 498 320 553; x_wconf 57' lang='grc' dir='ltr'>ς.</span> <span class='ocrx_word' id='word_1_30' title='bbox 359 497 453 548; x_wconf 72' lang='grc'>184.</span> <span class='ocrx_word' id='word_1_31' title='bbox 488 493 710 534; x_wconf 82' lang='lat' dir='ltr'>Duriores</span> <span class='ocrx_word' id='word_1_32' title='bbox 736 502 946 545; x_wconf 65' lang='lat' dir='ltr'>squamae,</span> <span class='ocrx_word' id='word_1_33' title='bbox 968 500 1075 526; x_wconf 89' lang='lat' dir='ltr'>cum</span> <span class='ocrx_word' id='word_1_34' title='bbox 1100 498 1210 540; x_wconf 85' lang='lat' dir='ltr'>saepe</span> <span class='ocrx_word' id='word_1_35' title='bbox 1236 479 1446 522; x_wconf 81' lang='lat' dir='ltr'>deficiant</span> <span class='ocrx_word' id='word_1_36' title='bbox 1468 483 1512 522; x_wconf 85' lang='lat' dir='ltr'>in</span> 
     </span>
     <span class='ocr_line' id='line_1_7' title="bbox 217 541 1517 614; baseline -0.015 -16"><span class='ocrx_word' id='word_1_37' title='bbox 217 557 405 614; x_wconf 78' lang='lat' dir='ltr'>gemmis</span> <span class='ocrx_word' id='word_1_38' title='bbox 430 585 441 604; x_wconf 90' lang='lat'>‚</span> <span class='ocrx_word' id='word_1_39' title='bbox 467 553 695 610; x_wconf 85' lang='lat' dir='ltr'>praecipue</span> <span class='ocrx_word' id='word_1_40' title='bbox 728 552 776 591; x_wconf 89' lang='lat' dir='ltr'>in</span> <span class='ocrx_word' id='word_1_41' title='bbox 808 550 864 589; x_wconf 85' lang='lat' dir='ltr'>iis</span> <span class='ocrx_word' id='word_1_42' title='bbox 897 545 1096 604; x_wconf 80' lang='lat' dir='ltr'>plantis,</span> <span class='ocrx_word' id='word_1_43' title='bbox 1128 558 1226 601; x_wconf 87' lang='lat' dir='ltr'>quae</span> <span class='ocrx_word' id='word_1_44' title='bbox 1257 541 1430 582; x_wconf 76' lang='lat' dir='ltr'>calidas</span> <span class='ocrx_word' id='word_1_45' title='bbox 1453 544 1517 580; x_wconf 87' lang='lat' dir='ltr'>in-</span> 
     </span>
     <span class='ocr_line' id='line_1_8' title="bbox 216 604 1517 671; baseline -0.013 -14"><span class='ocrx_word' id='word_1_46' title='bbox 216 615 379 657; x_wconf 81' lang='lat' dir='ltr'>colunt</span> <span class='ocrx_word' id='word_1_47' title='bbox 412 615 620 671; x_wconf 78' lang='lat' dir='ltr'>regiones</span> <span class='ocrx_word' id='word_1_48' title='bbox 645 643 655 662; x_wconf 88' lang='lat'><strong>,</strong></span> <span class='ocrx_word' id='word_1_49' title='bbox 690 608 850 650; x_wconf 88' lang='lat' dir='ltr'>eodem</span> <span class='ocrx_word' id='word_1_50' title='bbox 883 606 1031 648; x_wconf 84' lang='lat' dir='ltr'>officio</span> <span class='ocrx_word' id='word_1_51' title='bbox 1058 637 1070 656; x_wconf 83' lang='lat'><strong>,</strong></span> <span class='ocrx_word' id='word_1_52' title='bbox 1102 618 1195 662; x_wconf 88' lang='lat' dir='ltr'>quo</span> <span class='ocrx_word' id='word_1_53' title='bbox 1227 604 1517 659; x_wconf 77' lang='lat' dir='ltr'>integumen-</span> 
     </span>
     <span class='ocr_line' id='line_1_9' title="bbox 221 670 945 727; baseline -0.012 -11"><span class='ocrx_word' id='word_1_54' title='bbox 221 684 264 717; x_wconf 82' lang='lat' dir='ltr'>ta</span> <span class='ocrx_word' id='word_1_55' title='bbox 291 675 474 716; x_wconf 87' lang='lat' dir='ltr'>seminis</span> <span class='ocrx_word' id='word_1_56' title='bbox 493 705 504 723; x_wconf 93' lang='lat'>,</span> <span class='ocrx_word' id='word_1_57' title='bbox 538 687 628 713; x_wconf 89' lang='lat' dir='ltr'>non</span> <span class='ocrx_word' id='word_1_58' title='bbox 655 670 915 727; x_wconf 82' lang='lat' dir='ltr'>funguntur</span> <span class='ocrx_word' id='word_1_59' title='bbox 935 699 945 708; x_wconf 89' lang='lat'><em>.</em></span> 
     </span>
    </p>

    <p class='ocr_par' dir='ltr' id='par_1_4' title="bbox 219 720 1524 1151">
     <span class='ocr_line' id='line_1_10' title="bbox 278 720 1518 790; baseline -0.014 -13"><span class='ocrx_word' id='word_1_60' title='bbox 278 735 323 790; x_wconf 79' lang='lat'>§.</span> <span class='ocrx_word' id='word_1_61' title='bbox 363 734 457 777; x_wconf 84' lang='lat'><strong>185.</strong></span> <span class='ocrx_word' id='word_1_62' title='bbox 479 733 671 774; x_wconf 80' lang='lat' dir='ltr'>Gemmae</span> <span class='ocrx_word' id='word_1_63' title='bbox 693 729 1032 772; x_wconf 83' lang='lat' dir='ltr'>communicant</span> <span class='ocrx_word' id='word_1_64' title='bbox 1051 739 1158 766; x_wconf 87' lang='lat' dir='ltr'>cum</span> <span class='ocrx_word' id='word_1_65' title='bbox 1180 721 1336 780; x_wconf 80' lang='lat' dir='ltr'>planta</span> <span class='ocrx_word' id='word_1_66' title='bbox 1358 720 1518 762; x_wconf 82' lang='lat' dir='ltr'>altrice</span> 
     </span>
     <span class='ocr_line' id='line_1_11' title="bbox 219 783 1520 850; baseline -0.012 -15"><span class='ocrx_word' id='word_1_67' title='bbox 219 802 317 835; x_wconf 85' lang='lat' dir='ltr'>tum</span> <span class='ocrx_word' id='word_1_68' title='bbox 345 809 428 850; x_wconf 85' lang='lat' dir='ltr'>ope</span> <span class='ocrx_word' id='word_1_69' title='bbox 459 806 672 834; x_wconf 82' lang='lat' dir='ltr'>vasorum</span> <span class='ocrx_word' id='word_1_70' title='bbox 698 823 709 841; x_wconf 84' lang='grc'>,</span> <span class='ocrx_word' id='word_1_71' title='bbox 742 798 841 830; x_wconf 87' lang='lat' dir='ltr'>tum</span> <span class='ocrx_word' id='word_1_72' title='bbox 873 788 1098 845; x_wconf 80' lang='lat' dir='ltr'>praecipue</span> <span class='ocrx_word' id='word_1_73' title='bbox 1132 798 1216 841; x_wconf 84' lang='lat' dir='ltr'>ope</span> <span class='ocrx_word' id='word_1_74' title='bbox 1263 783 1520 824; x_wconf 65' lang='lat' dir='ltr'>substantia&gt;</span> 
     </span>
     <span class='ocr_line' id='line_1_12' title="bbox 220 844 1520 911; baseline -0.011 -17"><span class='ocrx_word' id='word_1_75' title='bbox 220 854 505 904; x_wconf 83' lang='lat' dir='ltr'>medullaris,</span> <span class='ocrx_word' id='word_1_76' title='bbox 531 851 606 894; x_wconf 88' lang='lat' dir='ltr'>vel</span> <span class='ocrx_word' id='word_1_77' title='bbox 631 849 1017 911; x_wconf 81' lang='lat' dir='ltr'>parenchymatis,</span> <span class='ocrx_word' id='word_1_78' title='bbox 1039 846 1118 887; x_wconf 83' lang='lat' dir='ltr'>eui</span> <span class='ocrx_word' id='word_1_79' title='bbox 1140 858 1316 902; x_wconf 80' lang='lat' dir='ltr'>gemma</span> <span class='ocrx_word' id='word_1_80' title='bbox 1338 844 1520 884; x_wconf 87' lang='lat' dir='ltr'>incum-</span> 
     </span>
     <span class='ocr_line' id='line_1_13' title="bbox 219 901 1522 971; baseline -0.012 -15"><span class='ocrx_word' id='word_1_81' title='bbox 219 916 319 964; x_wconf 75' lang='lat' dir='ltr'>bit,</span> <span class='ocrx_word' id='word_1_82' title='bbox 353 913 479 971; x_wconf 87' lang='lat' dir='ltr'>quod</span> <span class='ocrx_word' id='word_1_83' title='bbox 530 912 719 970; x_wconf 85' lang='lat' dir='ltr'>quidem</span> <span class='ocrx_word' id='word_1_84' title='bbox 766 912 814 951; x_wconf 89' lang='lat' dir='ltr'>in</span> <span class='ocrx_word' id='word_1_85' title='bbox 846 907 1112 966; x_wconf 78' lang='lat' dir='ltr'>perennanti</span> <span class='ocrx_word' id='word_1_86' title='bbox 1145 901 1522 958; x_wconf 71' lang='lat' dir='ltr'>dicotyledonea-</span> 
     </span>
     <span class='ocr_line' id='line_1_14' title="bbox 223 962 1520 1031; baseline -0.012 -15"><span class='ocrx_word' id='word_1_87' title='bbox 223 990 325 1016; x_wconf 81' lang='lat' dir='ltr'>rum</span> <span class='ocrx_word' id='word_1_88' title='bbox 359 974 620 1031; x_wconf 81' lang='lat' dir='ltr'>plantarum</span> <span class='ocrx_word' id='word_1_89' title='bbox 651 970 841 1013; x_wconf 79' lang='lat' dir='ltr'>caudice</span> <span class='ocrx_word' id='word_1_90' title='bbox 873 969 1073 1024; x_wconf 81' lang='lat' dir='ltr'>obtingit</span> <span class='ocrx_word' id='word_1_91' title='bbox 1104 967 1153 1006; x_wconf 89' lang='lat' dir='ltr'>in</span> <span class='ocrx_word' id='word_1_92' title='bbox 1184 967 1313 1021; x_wconf 80' lang='lat' dir='ltr'>apice</span> <span class='ocrx_word' id='word_1_93' title='bbox 1343 962 1490 1002; x_wconf 78' lang='lat' dir='ltr'>caulis</span> <span class='ocrx_word' id='word_1_94' title='bbox 1510 993 1520 1008; x_wconf 86' lang='lat'><strong>‚</strong></span> 
     </span>
     <span class='ocr_line' id='line_1_15' title="bbox 226 1021 1524 1090; baseline -0.012 -14"><span class='ocrx_word' id='word_1_95' title='bbox 226 1048 570 1090; x_wconf 78' lang='lat' dir='ltr'>ramorumque,</span> <span class='ocrx_word' id='word_1_96' title='bbox 602 1031 677 1074; x_wconf 85' lang='lat' dir='ltr'>vel</span> <span class='ocrx_word' id='word_1_97' title='bbox 713 1034 759 1072; x_wconf 92' lang='lat' dir='ltr'>in</span> <span class='ocrx_word' id='word_1_98' title='bbox 790 1030 920 1087; x_wconf 82' lang='lat' dir='ltr'>apice</span> <span class='ocrx_word' id='word_1_99' title='bbox 968 1027 1206 1069; x_wconf 79' lang='lat' dir='ltr'>radiorum</span> <span class='ocrx_word' id='word_1_100' title='bbox 1255 1021 1524 1064; x_wconf 74' lang='lat' dir='ltr'>medullari-</span> 
     </span>
     <span class='ocr_line' id='line_1_16' title="bbox 224 1085 1292 1151; baseline -0.009 -15"><span class='ocrx_word' id='word_1_101' title='bbox 224 1110 301 1135; x_wconf 88' lang='lat' dir='ltr'>um</span> <span class='ocrx_word' id='word_1_102' title='bbox 321 1126 333 1144; x_wconf 81' lang='grc'><strong>,</strong></span> <span class='ocrx_word' id='word_1_103' title='bbox 367 1096 449 1151; x_wconf 86' lang='lat' dir='ltr'>qui</span> <span class='ocrx_word' id='word_1_104' title='bbox 481 1094 564 1135; x_wconf 84' lang='lat' dir='ltr'>hac</span> <span class='ocrx_word' id='word_1_105' title='bbox 592 1092 646 1134; x_wconf 83' lang='lat' dir='ltr'>de</span> <span class='ocrx_word' id='word_1_106' title='bbox 679 1105 818 1132; x_wconf 76' lang='lat' dir='ltr'>causa</span> <span class='ocrx_word' id='word_1_107' title='bbox 851 1089 1121 1146; x_wconf 75' lang='lat' dir='ltr'>insigniores</span> <span class='ocrx_word' id='word_1_108' title='bbox 1145 1085 1254 1127; x_wconf 82' lang='lat' dir='ltr'>facti</span> <span class='ocrx_word' id='word_1_109' title='bbox 1283 1116 1292 1126; x_wconf 89' lang='lat'>.</span> 
     </span>
    </p>

    <p class='ocr_par' dir='ltr' id='par_1_5' title="bbox 225 1143 1544 2172">
     <span class='ocr_line' id='line_1_17' title="bbox 282 1143 1525 1211; baseline -0.014 -14"><span class='ocrx_word' id='word_1_110' title='bbox 282 1155 327 1209; x_wconf 54' lang='grc' dir='ltr'>ξ.</span> <span class='ocrx_word' id='word_1_111' title='bbox 366 1153 460 1196; x_wconf 79' lang='grc'><strong>186.</strong></span> <span class='ocrx_word' id='word_1_112' title='bbox 494 1154 657 1211; x_wconf 80' lang='lat' dir='ltr'>Magna</span> <span class='ocrx_word' id='word_1_113' title='bbox 689 1151 877 1208; x_wconf 83' lang='lat' dir='ltr'>quidem</span> <span class='ocrx_word' id='word_1_114' title='bbox 903 1158 947 1190; x_wconf 87' lang='lat' dir='ltr'>et</span> <span class='ocrx_word' id='word_1_115' title='bbox 972 1162 1148 1196; x_wconf 85' lang='lat' dir='ltr'>rerum,</span> <span class='ocrx_word' id='word_1_116' title='bbox 1172 1153 1217 1186; x_wconf 85' lang='lat' dir='ltr'>et</span> <span class='ocrx_word' id='word_1_117' title='bbox 1239 1143 1373 1185; x_wconf 85' lang='lat' dir='ltr'>officii</span> <span class='ocrx_word' id='word_1_118' title='bbox 1406 1144 1525 1182; x_wconf 75' lang='lat' dir='ltr'>inter</span> 
     </span>
     <span class='ocr_line' id='line_1_18' title="bbox 225 1204 1525 1270; baseline -0.01 -17"><span class='ocrx_word' id='word_1_119' title='bbox 225 1229 444 1270; x_wconf 72' lang='lat' dir='ltr'>gemmam</span> <span class='ocrx_word' id='word_1_120' title='bbox 474 1246 485 1263; x_wconf 83' lang='lat'>,</span> <span class='ocrx_word' id='word_1_121' title='bbox 517 1224 563 1255; x_wconf 83' lang='lat' dir='ltr'>et</span> <span class='ocrx_word' id='word_1_122' title='bbox 608 1226 759 1254; x_wconf 84' lang='lat' dir='ltr'>semen</span> <span class='ocrx_word' id='word_1_123' title='bbox 808 1208 1062 1251; x_wconf 79' lang='lat' dir='ltr'>similitudo</span> <span class='ocrx_word' id='word_1_124' title='bbox 1088 1239 1099 1256; x_wconf 84' lang='lat'>,</span> <span class='ocrx_word' id='word_1_125' title='bbox 1131 1213 1179 1246; x_wconf 81' lang='lat' dir='ltr'>at</span> <span class='ocrx_word' id='word_1_126' title='bbox 1208 1219 1299 1245; x_wconf 90' lang='lat' dir='ltr'>non</span> <span class='ocrx_word' id='word_1_127' title='bbox 1345 1204 1488 1243; x_wconf 81' lang='lat' dir='ltr'>omnis</span> <span class='ocrx_word' id='word_1_128' title='bbox 1514 1233 1525 1241; x_wconf 89' lang='lat'><strong>.</strong></span> 
     </span>
     <span class='ocr_line' id='line_1_19' title="bbox 226 1264 1530 1326; baseline -0.012 -11"><span class='ocrx_word' id='word_1_129' title='bbox 226 1274 386 1314; x_wconf 78' lang='lat' dir='ltr'>Oritur</span> <span class='ocrx_word' id='word_1_130' title='bbox 419 1288 569 1314; x_wconf 82' lang='lat' dir='ltr'>semen</span> <span class='ocrx_word' id='word_1_131' title='bbox 599 1287 655 1312; x_wconf 82' lang='lat' dir='ltr'>ex</span> <span class='ocrx_word' id='word_1_132' title='bbox 683 1272 926 1326; x_wconf 88' lang='lat' dir='ltr'>utriusque</span> <span class='ocrx_word' id='word_1_133' title='bbox 960 1282 1094 1309; x_wconf 77' lang='lat' dir='ltr'>sexus</span> <span class='ocrx_word' id='word_1_134' title='bbox 1126 1264 1387 1305; x_wconf 82' lang='lat' dir='ltr'>immediato</span> <span class='ocrx_word' id='word_1_135' title='bbox 1418 1276 1530 1302; x_wconf 86' lang='lat' dir='ltr'>con-</span> 
     </span>
     <span class='ocr_line' id='line_1_20' title="bbox 229 1325 1531 1388; baseline -0.012 -14"><span class='ocrx_word' id='word_1_136' title='bbox 229 1348 371 1374; x_wconf 82' lang='lat' dir='ltr'>cursu</span> <span class='ocrx_word' id='word_1_137' title='bbox 401 1350 412 1382; x_wconf 80' lang='lat'>3</span> <span class='ocrx_word' id='word_1_138' title='bbox 469 1334 645 1374; x_wconf 82' lang='lat' dir='ltr'>ditatur</span> <span class='ocrx_word' id='word_1_139' title='bbox 702 1328 1023 1388; x_wconf 77' lang='lat' dir='ltr'>peculiaribus</span> <span class='ocrx_word' id='word_1_140' title='bbox 1076 1325 1402 1381; x_wconf 71' lang='lat' dir='ltr'>integumentis</span> <span class='ocrx_word' id='word_1_141' title='bbox 1427 1354 1437 1372; x_wconf 84' lang='lat'>‚</span> <span class='ocrx_word' id='word_1_142' title='bbox 1486 1328 1531 1359; x_wconf 85' lang='lat' dir='ltr'>et</span> 
     </span>
     <span class='ocr_line' id='line_1_21' title="bbox 226 1382 1531 1449; baseline -0.011 -16"><span class='ocrx_word' id='word_1_143' title='bbox 226 1392 500 1447; x_wconf 76' lang='lat' dir='ltr'>cotyledone</span> <span class='ocrx_word' id='word_1_144' title='bbox 524 1426 535 1442; x_wconf 78' lang='grc'>,</span> <span class='ocrx_word' id='word_1_145' title='bbox 563 1407 673 1449; x_wconf 82' lang='lat' dir='ltr'>saepe</span> <span class='ocrx_word' id='word_1_146' title='bbox 705 1392 844 1432; x_wconf 77' lang='lat' dir='ltr'>etiam</span> <span class='ocrx_word' id='word_1_147' title='bbox 876 1388 1112 1430; x_wconf 79' lang='lat' dir='ltr'>albumine</span> <span class='ocrx_word' id='word_1_148' title='bbox 1137 1418 1146 1426; x_wconf 90' lang='lat'>.</span> <span class='ocrx_word' id='word_1_149' title='bbox 1186 1383 1267 1425; x_wconf 72' lang='lat' dir='ltr'>Nil</span> <span class='ocrx_word' id='word_1_150' title='bbox 1299 1382 1465 1424; x_wconf 85' lang='lat' dir='ltr'>horum</span> <span class='ocrx_word' id='word_1_151' title='bbox 1486 1382 1531 1420; x_wconf 86' lang='lat' dir='ltr'>in</span> 
     </span>
     <span class='ocr_line' id='line_1_22' title="bbox 229 1441 1530 1509; baseline -0.011 -16"><span class='ocrx_word' id='word_1_152' title='bbox 229 1468 404 1509; x_wconf 70' lang='lat' dir='ltr'>gemma</span> <span class='ocrx_word' id='word_1_153' title='bbox 432 1484 442 1494; x_wconf 90' lang='lat'><strong>.</strong></span> <span class='ocrx_word' id='word_1_154' title='bbox 476 1451 580 1493; x_wconf 87' lang='lat' dir='ltr'>Illic</span> <span class='ocrx_word' id='word_1_155' title='bbox 615 1465 791 1506; x_wconf 81' lang='lat' dir='ltr'>semper</span> <span class='ocrx_word' id='word_1_156' title='bbox 824 1447 1038 1505; x_wconf 81' lang='lat' dir='ltr'>plumula</span> <span class='ocrx_word' id='word_1_157' title='bbox 1065 1479 1075 1496; x_wconf 85' lang='lat'>‚</span> <span class='ocrx_word' id='word_1_158' title='bbox 1109 1454 1154 1485; x_wconf 84' lang='lat' dir='ltr'>et</span> <span class='ocrx_word' id='word_1_159' title='bbox 1179 1442 1416 1491; x_wconf 77' lang='lat' dir='ltr'>radicula3</span> <span class='ocrx_word' id='word_1_160' title='bbox 1457 1441 1530 1480; x_wconf 69' lang='lat' dir='ltr'>hie</span> 
     </span>
     <span class='ocr_line' id='line_1_23' title="bbox 227 1500 1533 1568; baseline -0.011 -14"><span class='ocrx_word' id='word_1_161' title='bbox 227 1510 300 1554; x_wconf 89' lang='lat' dir='ltr'>vel</span> <span class='ocrx_word' id='word_1_162' title='bbox 335 1510 550 1568; x_wconf 81' lang='lat' dir='ltr'>plumula</span> <span class='ocrx_word' id='word_1_163' title='bbox 584 1519 762 1551; x_wconf 81' lang='lat' dir='ltr'>tantum</span> <span class='ocrx_word' id='word_1_164' title='bbox 783 1540 794 1559; x_wconf 89' lang='lat'><strong><em>,</em></strong></span> <span class='ocrx_word' id='word_1_165' title='bbox 825 1507 900 1549; x_wconf 88' lang='lat' dir='ltr'>vel</span> <span class='ocrx_word' id='word_1_166' title='bbox 933 1515 1112 1548; x_wconf 83' lang='lat' dir='ltr'>tantum</span> <span class='ocrx_word' id='word_1_167' title='bbox 1145 1501 1355 1545; x_wconf 81' lang='lat' dir='ltr'>radicula</span> <span class='ocrx_word' id='word_1_168' title='bbox 1379 1533 1389 1542; x_wconf 85' lang='grc'><strong>.</strong></span> <span class='ocrx_word' id='word_1_169' title='bbox 1440 1500 1533 1540; x_wconf 88' lang='lat' dir='ltr'>De·-</span> 
     </span>
     <span class='ocr_line' id='line_1_24' title="bbox 230 1561 1535 1628; baseline -0.011 -15"><span class='ocrx_word' id='word_1_170' title='bbox 230 1572 346 1613; x_wconf 85' lang='lat' dir='ltr'>cidit</span> <span class='ocrx_word' id='word_1_171' title='bbox 370 1586 523 1613; x_wconf 86' lang='lat' dir='ltr'>semen</span> <span class='ocrx_word' id='word_1_172' title='bbox 559 1586 584 1611; x_wconf 80' lang='lat' dir='ltr'><strong>a</strong></span> <span class='ocrx_word' id='word_1_173' title='bbox 618 1576 804 1628; x_wconf 77' lang='lat' dir='ltr'>parente</span> <span class='ocrx_word' id='word_1_174' title='bbox 830 1600 841 1618; x_wconf 90' lang='lat'>,</span> <span class='ocrx_word' id='word_1_175' title='bbox 880 1574 925 1607; x_wconf 85' lang='lat' dir='ltr'>et·</span> <span class='ocrx_word' id='word_1_176' title='bbox 976 1568 1046 1607; x_wconf 87' lang='lat' dir='ltr'>sui</span> <span class='ocrx_word' id='word_1_177' title='bbox 1091 1565 1207 1619; x_wconf 82' lang='lat' dir='ltr'>juris</span> <span class='ocrx_word' id='word_1_178' title='bbox 1258 1561 1323 1610; x_wconf 76' lang='lat' dir='ltr'>fit3</span> <span class='ocrx_word' id='word_1_179' title='bbox 1357 1575 1535 1617; x_wconf 66' lang='lat' dir='ltr'>gemunt</span> 
     </span>
     <span class='ocr_line' id='line_1_25' title="bbox 230 1622 1538 1687; baseline -0.01 -14"><span class='ocrx_word' id='word_1_180' title='bbox 230 1646 502 1687; x_wconf 79' lang='lat' dir='ltr'>nunquam.</span> <span class='ocrx_word' id='word_1_181' title='bbox 558 1630 719 1672; x_wconf 73' lang='lat' dir='ltr'>semen</span> <span class='ocrx_word' id='word_1_182' title='bbox 769 1627 973 1686; x_wconf 80' lang='lat' dir='ltr'>plantam</span> <span class='ocrx_word' id='word_1_183' title='bbox 1007 1626 1155 1682; x_wconf 73' lang='lat' dir='ltr'>gignit</span> <span class='ocrx_word' id='word_1_184' title='bbox 1204 1624 1252 1662; x_wconf 80' lang='lat' dir='ltr'>in</span> <span class='ocrx_word' id='word_1_185' title='bbox 1295 1622 1538 1678; x_wconf 71' lang='lat' dir='ltr'>przccipuis</span> 
     </span>
     <span class='ocr_line' id='line_1_26' title="bbox 232 1682 1538 1750; baseline -0.011 -17"><span class='ocrx_word' id='word_1_186' title='bbox 232 1693 443 1750; x_wconf 80' lang='lat' dir='ltr'>partibus</span> <span class='ocrx_word' id='word_1_187' title='bbox 474 1691 763 1749; x_wconf 78' lang='lat' dir='ltr'>genitoribus</span> <span class='ocrx_word' id='word_1_188' title='bbox 809 1686 1034 1736; x_wconf 80' lang='lat' dir='ltr'>similem,</span> <span class='ocrx_word' id='word_1_189' title='bbox 1077 1697 1253 1741; x_wconf 77' lang='lat' dir='ltr'>gemma</span> <span class='ocrx_word' id='word_1_190' title='bbox 1297 1683 1344 1721; x_wconf 89' lang='lat' dir='ltr'>in</span> <span class='ocrx_word' id='word_1_191' title='bbox 1389 1682 1538 1721; x_wconf 79' lang='lat' dir='ltr'>omui-</span> 
     </span>
     <span class='ocr_line' id='line_1_27' title="bbox 233 1740 1540 1798; baseline -0.011 -4"><span class='ocrx_word' id='word_1_192' title='bbox 233 1754 319 1794; x_wconf 74' lang='lat' dir='ltr'>bus</span> <span class='ocrx_word' id='word_1_193' title='bbox 339 1784 351 1793; x_wconf 85' lang='lat'><em>.</em></span> <span class='ocrx_word' id='word_1_194' title='bbox 386 1752 512 1794; x_wconf 84' lang='lat' dir='ltr'>Adeo</span> <span class='ocrx_word' id='word_1_195' title='bbox 543 1748 756 1792; x_wconf 76' lang='lat' dir='ltr'>mirabile</span> <span class='ocrx_word' id='word_1_196' title='bbox 788 1757 856 1790; x_wconf 86' lang='lat' dir='ltr'>est</span> <span class='ocrx_word' id='word_1_197' title='bbox 886 1747 1119 1788; x_wconf 84' lang='lat' dir='ltr'>diversum</span> <span class='ocrx_word' id='word_1_198' title='bbox 1151 1751 1325 1784; x_wconf 81' lang='lat' dir='ltr'>naturae</span> <span class='ocrx_word' id='word_1_199' title='bbox 1359 1740 1540 1798; x_wconf 69' lang='lat' dir='ltr'>opifici-</span> 
     </span>
     <span class='ocr_line' id='line_1_28' title="bbox 234 1804 1540 1870; baseline -0.01 -17"><span class='ocrx_word' id='word_1_200' title='bbox 234 1828 311 1853; x_wconf 90' lang='lat' dir='ltr'>um</span> <span class='ocrx_word' id='word_1_201' title='bbox 343 1814 390 1853; x_wconf 90' lang='lat' dir='ltr'>in</span> <span class='ocrx_word' id='word_1_202' title='bbox 422 1814 743 1870; x_wconf 78' lang='lat' dir='ltr'>organicorum</span> <span class='ocrx_word' id='word_1_203' title='bbox 789 1822 1037 1866; x_wconf 87' lang='lat' dir='ltr'>Corporum</span> <span class='ocrx_word' id='word_1_204' title='bbox 1066 1804 1394 1847; x_wconf 69' lang='lat' dir='ltr'>restauratione</span> <span class='ocrx_word' id='word_1_205' title='bbox 1438 1817 1540 1858; x_wconf 70' lang='lat' dir='ltr'>per-</span> 
     </span>
     <span class='ocr_line' id='line_1_29' title="bbox 236 1865 1540 1930; baseline -0.01 -17"><span class='ocrx_word' id='word_1_206' title='bbox 236 1872 431 1930; x_wconf 76' lang='lat' dir='ltr'>agenda!</span> <span class='ocrx_word' id='word_1_207' title='bbox 466 1874 630 1930; x_wconf 83' lang='lat' dir='ltr'>Neque</span> <span class='ocrx_word' id='word_1_208' title='bbox 688 1880 836 1912; x_wconf 81' lang='lat' dir='ltr'>tamen</span> <span class='ocrx_word' id='word_1_209' title='bbox 867 1865 1166 1910; x_wconf 84' lang='lat' dir='ltr'>inficiandum</span> <span class='ocrx_word' id='word_1_210' title='bbox 1198 1871 1283 1914; x_wconf 87' lang='lat' dir='ltr'>est,</span> <span class='ocrx_word' id='word_1_211' title='bbox 1315 1876 1540 1903; x_wconf 67' lang='lat' dir='ltr'>sumniam</span> 
     </span>
     <span class='ocr_line' id='line_1_30' title="bbox 237 1922 1540 1990; baseline -0.008 -17"><span class='ocrx_word' id='word_1_212' title='bbox 237 1935 353 1974; x_wconf 85' lang='lat' dir='ltr'>inter</span> <span class='ocrx_word' id='word_1_213' title='bbox 386 1942 630 1990; x_wconf 85' lang='lat' dir='ltr'>utramque</span> <span class='ocrx_word' id='word_1_214' title='bbox 664 1947 757 1973; x_wconf 86' lang='lat' dir='ltr'>rem</span> <span class='ocrx_word' id='word_1_215' title='bbox 800 1926 1184 1972; x_wconf 78' lang='lat' dir='ltr'>necessitudinem</span> <span class='ocrx_word' id='word_1_216' title='bbox 1232 1922 1540 1965; x_wconf 78' lang='lat' dir='ltr'>intercedere.</span> 
     </span>
     <span class='ocr_line' id='line_1_31' title="bbox 238 1984 1541 2050; baseline -0.008 -17"><span class='ocrx_word' id='word_1_217' title='bbox 238 1992 398 2034; x_wconf 81' lang='lat' dir='ltr'>Planta</span> <span class='ocrx_word' id='word_1_218' title='bbox 428 1996 547 2036; x_wconf 86' lang='lat' dir='ltr'>enim</span> <span class='ocrx_word' id='word_1_219' title='bbox 571 2026 582 2044; x_wconf 83' lang='lat'>,</span> <span class='ocrx_word' id='word_1_220' title='bbox 614 2007 711 2050; x_wconf 83' lang='lat' dir='ltr'>quae</span> <span class='ocrx_word' id='word_1_221' title='bbox 732 1989 1067 2049; x_wconf 85' lang='lat' dir='ltr'>copiosioribus</span> <span class='ocrx_word' id='word_1_222' title='bbox 1101 1985 1313 2026; x_wconf 79' lang='lat' dir='ltr'>luxuriat</span> <span class='ocrx_word' id='word_1_223' title='bbox 1335 1984 1541 2040; x_wconf 79' lang='lat' dir='ltr'>gemmis,</span> 
     </span>
     <span class='ocr_line' id='line_1_32' title="bbox 240 2040 1544 2112; baseline -0.01 -18"><span class='ocrx_word' id='word_1_224' title='bbox 240 2055 317 2094; x_wconf 82' lang='lat' dir='ltr'>vix</span> <span class='ocrx_word' id='word_1_225' title='bbox 347 2052 551 2095; x_wconf 86' lang='lat' dir='ltr'>fructum</span> <span class='ocrx_word' id='word_1_226' title='bbox 577 2055 719 2112; x_wconf 80' lang='lat' dir='ltr'>parit⁷</span> <span class='ocrx_word' id='word_1_227' title='bbox 753 2061 797 2093; x_wconf 86' lang='lat' dir='ltr'>et</span> <span class='ocrx_word' id='word_1_228' title='bbox 828 2051 1051 2098; x_wconf 80' lang='lat' dir='ltr'>vicissim3</span> <span class='ocrx_word' id='word_1_229' title='bbox 1076 2062 1184 2104; x_wconf 85' lang='lat' dir='ltr'>saepe</span> <span class='ocrx_word' id='word_1_230' title='bbox 1207 2059 1392 2102; x_wconf 88' lang='lat' dir='ltr'>quoque</span> <span class='ocrx_word' id='word_1_231' title='bbox 1414 2040 1544 2083; x_wconf 85' lang='lat' dir='ltr'>flores</span> 
     </span>
     <span class='ocr_line' id='line_1_33' title="bbox 242 2116 816 2172; baseline 0 -19"><span class='ocrx_word' id='word_1_232' title='bbox 242 2121 476 2156; x_wconf 81' lang='lat' dir='ltr'>mutantur</span> <span class='ocrx_word' id='word_1_233' title='bbox 507 2116 555 2155; x_wconf 89' lang='lat' dir='ltr'>in</span> <span class='ocrx_word' id='word_1_234' title='bbox 586 2128 786 2172; x_wconf 77' lang='lat' dir='ltr'>gemmas</span> <span class='ocrx_word' id='word_1_235' title='bbox 806 2145 816 2154; x_wconf 92' lang='lat'><strong>.</strong></span> 
     </span>
    </p>

    <p class='ocr_par' dir='ltr' id='par_1_6' title="bbox 246 2172 1551 2398">
     <span class='ocr_line' id='line_1_34' title="bbox 302 2172 1547 2230; baseline -0.01 -16"><span class='ocrx_word' id='word_1_236' title='bbox 302 2173 345 2227; x_wconf 80' lang='lat'>§.</span> <span class='ocrx_word' id='word_1_237' title='bbox 379 2176 473 2230; x_wconf 77' lang='lat'>187.</span> <span class='ocrx_word' id='word_1_238' title='bbox 509 2175 718 2227; x_wconf 83' lang='lat' dir='ltr'>Quonam</span> <span class='ocrx_word' id='word_1_239' title='bbox 768 2179 900 2230; x_wconf 78' lang='lat' dir='ltr'>pacto</span> <span class='ocrx_word' id='word_1_240' title='bbox 926 2172 1173 2229; x_wconf 71' lang='lat' dir='ltr'>gignantur</span> <span class='ocrx_word' id='word_1_241' title='bbox 1206 2180 1388 2224; x_wconf 80' lang='lat' dir='ltr'>gemmae</span> <span class='ocrx_word' id='word_1_242' title='bbox 1417 2196 1428 2213; x_wconf 90' lang='lat'><strong>,</strong></span> <span class='ocrx_word' id='word_1_243' title='bbox 1477 2176 1547 2203; x_wconf 89' lang='lat' dir='ltr'>res</span> 
     </span>
     <span class='ocr_line' id='line_1_35' title="bbox 246 2229 1549 2284; baseline -0.008 -12"><span class='ocrx_word' id='word_1_244' title='bbox 246 2233 378 2274; x_wconf 81' lang='lat' dir='ltr'>valde</span> <span class='ocrx_word' id='word_1_245' title='bbox 437 2236 636 2276; x_wconf 80' lang='lat' dir='ltr'>obscura</span> <span class='ocrx_word' id='word_1_246' title='bbox 663 2266 673 2275; x_wconf 88' lang='lat'><strong>.</strong></span> <span class='ocrx_word' id='word_1_247' title='bbox 709 2232 802 2274; x_wconf 88' lang='lat' dir='ltr'>Alii</span> <span class='ocrx_word' id='word_1_248' title='bbox 824 2231 1070 2274; x_wconf 78' lang='lat' dir='ltr'>creationis</span> <span class='ocrx_word' id='word_1_249' title='bbox 1090 2230 1223 2270; x_wconf 85' lang='lat' dir='ltr'>initio</span> <span class='ocrx_word' id='word_1_250' title='bbox 1247 2229 1424 2284; x_wconf 72' lang='lat' dir='ltr'>genitas</span> <span class='ocrx_word' id='word_1_251' title='bbox 1458 2231 1549 2263; x_wconf 78' lang='lat' dir='ltr'>sta-</span> 
     </span>
     <span class='ocr_line' id='line_1_36' title="bbox 246 2285 1551 2350; baseline -0.009 -18"><span class='ocrx_word' id='word_1_252' title='bbox 246 2300 408 2344; x_wconf 84' lang='lat' dir='ltr'>tuunt,</span> <span class='ocrx_word' id='word_1_253' title='bbox 440 2293 520 2334; x_wconf 84' lang='lat' dir='ltr'>alii</span> <span class='ocrx_word' id='word_1_254' title='bbox 546 2296 593 2335; x_wconf 90' lang='lat' dir='ltr'>in</span> <span class='ocrx_word' id='word_1_255' title='bbox 621 2302 824 2350; x_wconf 85' lang='lat' dir='ltr'>tempore</span> <span class='ocrx_word' id='word_1_256' title='bbox 850 2326 859 2336; x_wconf 88' lang='lat'>.</span> <span class='ocrx_word' id='word_1_257' title='bbox 881 2291 1143 2348; x_wconf 82' lang='lat' dir='ltr'>Utrumque</span> <span class='ocrx_word' id='word_1_258' title='bbox 1169 2285 1387 2347; x_wconf 80' lang='lat' dir='ltr'>possibile</span> <span class='ocrx_word' id='word_1_259' title='bbox 1409 2300 1419 2334; x_wconf 79' lang='lat'>3</span> <span class='ocrx_word' id='word_1_260' title='bbox 1443 2296 1551 2323; x_wconf 88' lang='lat' dir='ltr'>neu-</span> 
     </span>
     <span class='ocr_line' id='line_1_37' title="bbox 247 2353 789 2398; baseline -0.002 -3"><span class='ocrx_word' id='word_1_261' title='bbox 247 2361 369 2396; x_wconf 88' lang='lat' dir='ltr'>trum</span> <span class='ocrx_word' id='word_1_262' title='bbox 403 2353 761 2398; x_wconf 81' lang='lat' dir='ltr'>demonstratum</span> <span class='ocrx_word' id='word_1_263' title='bbox 779 2384 789 2394; x_wconf 91' lang='lat'><strong>.</strong></span> 
     </span>
    </p>
   </div>
  </div>
 </body>
</html>
