1669 2563
1310 137 1387 178 133

167 243 261 285 alas
288 278 299 295 ‚
331 247 378 285 in
410 243 571 285 tubera
597 273 607 291 ‚
641 242 686 280 in
716 253 887 281 cornua
911 271 922 290 ‚
948 241 994 278 in
1027 240 1220 280 caudam
1244 255 1458 296 expansa.

167 305 285 346 Cum
317 306 518 345 ovarium
551 299 747 340 inferum
769 307 863 348 est,
906 300 996 339 sive
1047 298 1198 352 calyci
1252 300 1460 355 undique

169 365 396 406 adhaerens
416 396 426 413 ,
455 361 761 418 pericarpium
798 373 906 415 saepe
938 366 1184 398 coronatur
1245 359 1461 414 appendi-

167 426 300 466 cibus
330 422 532 466 foliaceis
557 418 727 472 calycis
746 450 756 467 ,
789 417 861 458 vel
895 417 1032 458 radiis
1054 416 1202 457 forma
1229 417 1430 473 pilorum
1453 451 1464 469 ‚

171 493 371 525 setarum
394 515 405 533 ‚
449 486 530 520 aut
571 477 834 534 plumarum
863 510 874 527 ,
909 478 967 518 ab
1011 479 1109 533 ipso
1164 476 1324 531 calyce
1359 493 1467 533 prc-

170 543 302 585 fectis
326 575 336 593 ,
369 549 414 583 et
435 541 589 595 pappi
619 539 801 578 nomine
835 537 1061 578 distinctis
1086 569 1096 577 .

229 603 272 658 §.
305 604 406 658 399.
440 598 675 655 Praecipue
702 606 855 638 autem
887 597 1195 654 permarpmni
1217 604 1283 636 est
1311 610 1472 635 mono-

171 663 433 719 spermimn,
450 666 531 700 aut
550 657 927 716 polyspermium,
944 655 1245 706 unssemdarc,
1262 664 1342 696 aut
1358 654 1474 696 mul-

172 719 433 771 tiloculare,
464 717 696 768 univalve,
731 726 811 758 aut
833 715 1105 759 multivalve
1129 748 1138 757 .
1166 716 1328 773 Fitque
1350 715 1473 755 mul-

170 780 413 822 tiloculare
444 794 469 820 a
494 780 757 835 sepilnentis
790 780 880 819 sive
904 776 1203 819 verticalibus
1231 808 1241 825 ,
1276 778 1367 817 sive
1396 775 1474 815 ho-

167 839 470 882 rizontalibus
495 872 505 889 ‚
541 838 720 896 duplici
754 838 888 879 modo
914 840 1031 879 natis
1055 869 1065 886 ‚
1099 835 1171 877 vel
1197 851 1303 877 cum
1326 834 1468 877 valva}

172 902 417 958 pericarpii
444 907 538 940 tota
565 897 817 940 substantia
848 913 928 939 sua
961 894 1330 938 introflectuntur
1355 928 1366 946 ‚
1401 893 1473 936 vel

168 976 275 1002 cum
324 961 515 1001 interior
573 966 752 999 tantum
812 959 1055 1016 pericarpii
1088 956 1259 997 lamina
1306 959 1353 997 in
1386 955 1476 996 haec

171 1023 420 1078 sepimenta
453 1019 745 1076 protruditur
767 1050 777 1060 .
813 1019 918 1071 Quae
953 1020 1198 1075 sepimenta
1238 1019 1283 1057 i11
1328 1018 1475 1072 primo

169 1096 279 1122 casu
314 1082 619 1136 contingunt,
666 1078 801 1135 falsa
846 1080 1133 1135 nuncupavit
1181 1076 1438 1118 Richardus
1464 1108 1474 1124 ‚

173 1156 271 1197 quae
307 1143 355 1181 in
388 1139 586 1181 secundo
608 1171 618 1190 ,
653 1154 780 1181 vera.
806 1139 864 1180 At
895 1147 1058 1180 natura
1090 1151 1249 1178 verum
1270 1169 1280 1187 ‚
1316 1144 1360 1176 et
1390 1134 1479 1176 fal-

172 1216 273 1241 sum
305 1215 397 1241 non
435 1199 679 1256 distinguit
711 1203 758 1239 in
791 1200 1010 1256 operibus
1041 1200 1133 1238 suis
1159 1229 1168 1238 .
1218 1197 1480 1254 Sepimenta

173 1261 422 1317 pericarpii
460 1274 552 1300 nou
583 1275 756 1316 semper
785 1267 888 1300 sunt
919 1256 1146 1314 completa
1166 1289 1175 1297 .

232 1320 276 1375 ᾗ.
310 1327 417 1373 400.
440 1320 550 1361 Tres
588 1319 684 1360 aliae
716 1317 976 1360 differentiae
1007 1319 1055 1358 in
1099 1317 1357 1373 pericarpio
1412 1323 1483 1355 at·-

174 1383 377 1421 tentione
404 1380 544 1436 dignae
571 1411 581 1421 .
615 1378 828 1421 Scilicet:
854 1376 911 1419 1⁰.
943 1393 1050 1419 cum
1082 1378 1391 1434 pericarpium
1424 1383 1485 1415 te-

175 1456 263 1481 nue
295 1447 417 1481 arcte
451 1439 706 1479 circumdat
740 1440 909 1480 semina
937 1471 947 1488 ,
971 1452 1069 1494 quae
1093 1439 1159 1476 ita
1181 1437 1304 1476 nuda
1326 1435 1486 1477 viden—

178 1508 278 1549 tur,
312 1499 524 1556 idemque
570 1499 741 1539 dicitur
783 1500 1230 1554 pseudospermizcm:
1267 1494 1329 1536 2⁰.
1381 1510 1488 1535 cum

175 1561 484 1616 pericarpium
505 1573 746 1599 carnosum
771 1565 859 1608 est,
887 1560 1055 1598 semina
1091 1554 1352 1604 occultans,
1376 1570 1489 1595 nun-

174 1635 314 1676 quam
339 1618 572 1660 dehiscens
596 1651 607 1668 ‚
640 1618 765 1675 quod
816 1617 1049 1658 baccatum
1096 1623 1388 1673 nuncupant:
1428 1613 1490 1656 δ”.

179 1695 286 1720 cum
317 1681 625 1736 pericarpium
645 1711 656 1729 ‚
698 1679 1021 1735 cujuscunque
1077 1676 1230 1717 formae
1258 1677 1335 1725 sit,
1364 1690 1494 1731 spon-

177 1748 220 1781 te
247 1772 257 1790 ,
290 1740 371 1780 ubi
394 1740 670 1793 maturuerit
694 1772 705 1791 ,
738 1738 964 1789 dehiscit,
996 1744 1042 1779 et
1073 1739 1375 1793 pericarpz'zmz
1415 1750 1493 1777 ca-

170 1801 355 1857 psulare
396 1799 559 1841 efficit.

241 1861 285 1915 §.
323 1862 427 1913 401.
454 1861 561 1912 Quae
600 1875 703 1917 pars
750 1860 995 1917 pericarpii
1040 1856 1239 1899 adhaeret
1287 1863 1494 1912 recepta-

185 1920 294 1960 culo
319 1953 330 1970 ‚
370 1920 544 1962 dicitur
578 1919 723 1973 basi&
754 1934 874 1975 apex
923 1933 1030 1959 vero
1077 1927 1173 1968 est,
1222 1919 1302 1975 qui
1349 1918 1494 1958 basim

188 1979 297 2035 styli
324 2012 333 2030 ,
371 1989 453 2022 aut
485 1983 646 2038 stigma
680 1980 830 2022 sessile
864 1981 1050 2037 excipit.
1073 1978 1189 2019 Axis
1218 1993 1339 2019 nunc
1362 1992 1497 2019 verus

182 2055 237 2080 ex
265 2041 517 2082 substantia
542 2040 822 2099 receptaculi
844 2040 1069 2098 producta
1094 2042 1142 2080 ln
1171 2037 1491 2086 columellam,

183 2115 303 2141 nunc
334 2099 522 2143 fictitius
547 2134 556 2142 .

244 2160 286 2214 §.
319 2163 419 2213 402.
471 2162 736 2203 SubstantIa
787 2162 1034 2219 pericarpii
1080 2159 1128 2200 fit
1160 2176 1217 2202 ex
1249 2160 1304 2200 iis
1333 2192 1344 2209 ‚
1399 2173 1495 2215 quae

187 2219 529 2277 receptaculum
549 2224 837 2263 constituunt
861 2239 871 2271 ς
898 2223 984 2263 haec
1024 2223 1185 2278 passim
1220 2236 1363 2260 unum
1393 2227 1493 2260 tan-

189 2289 286 2323 tum
319 2282 624 2338 pericarpium
657 2284 773 2324 sistit
800 2301 810 2333 ς
843 2290 890 2323 at
922 2284 969 2322 iu
999 2282 1277 2339 quibusdam
1300 2279 1489 2321 floribus
