1669 2563
208 177 260 228 14

137 276 411 320 Mirbelius.
442 276 503 318 At
547 274 620 320 Cl.
667 276 908 326 Amicius‚
960 288 1137 332 nosque
1191 271 1425 314 Amiciani

138 339 432 396 microscopii
462 352 547 395 ope
576 335 942 380 confirmavimus
965 367 975 377 .

200 399 244 454 ξ.
278 399 347 452 54.
380 398 448 439 De
478 405 640 438 natura
664 429 674 447 ,
710 405 755 438 et
785 398 959 454 origine
989 392 1286 450 epidermidis
1334 406 1429 434 sen-

142 461 284 500 tentia
313 456 501 515 duplex,
524 456 636 499 Eam
666 456 947 514 Malpighius
977 453 1082 495 vult
1111 451 1207 494 fieri
1239 468 1293 493 ex
1317 453 1431 493 utri-

143 518 265 562 culis
296 520 566 561 senescentis
598 519 736 558 aetatis
784 518 898 558 vitio
953 513 1163 570 depleffis,
1199 526 1251 553 eo
1303 511 1430 568 quod

148 577 211 621 1⁰.
243 578 486 636 epidermis
534 576 629 618 telae
683 575 895 619 cellulari
943 581 1165 631 perpetuo
1212 574 1432 629 superim-

142 641 293 697 posita
314 671 324 689 ,
357 636 419 679 2⁰.
453 637 730 694 epidermide
762 636 993 677 destructa
1022 665 1033 682 ,
1066 647 1182 673 nova
1216 647 1271 673 ex
1302 632 1431 673 novis

140 698 358 741 utriculis
401 698 637 739 exsiccatis
689 699 836 738 oritur
861 728 871 745 ,
900 692 962 736 3⁰.
996 691 1156 749 plantae
1206 691 1432 748 aquatiles

140 757 419 816 epidermide
468 757 683 814 praetenui
742 755 940 813 gaudent
964 786 974 804 ,
1027 754 1136 808 quia
1190 752 1432 792 ambientis

140 821 256 860 aeris
288 818 517 876 rigiditate
545 831 635 858 non
664 814 942 864 afficiuntur,
976 819 1020 854 et
1051 810 1245 852 utriculi
1269 809 1433 852 diffici-

140 878 233 920 lius
267 878 529 936 deplentur,
556 874 616 928 40.
642 876 883 933 epidermis
904 874 1062 929 nequit
1080 870 1233 920 avelli,
1255 872 1367 927 quin
1389 877 1434 911 et

140 938 344 980 frustula
377 938 616 994 suppositae
649 935 744 976 telae
777 933 1012 978 cellularis
1044 946 1148 973 cum
1180 930 1262 971 illa
1312 929 1434 971 avel-

140 997 317 1039 lantur.
349 998 472 1039 Hanc
504 997 767 1037 sententiam
799 993 958 1037 scholae
990 993 1071 1033 diu
1101 993 1392 1033 retinuerunt
1419 1022 1432 1040 ,

144 1066 189 1100 et
219 1057 460 1101 Mirbelius
491 1057 608 1097 inter
641 1057 912 1097 recentiores
936 1085 946 1094 .

198 1118 242 1173 ᾗ.
276 1119 344 1160 55.
378 1117 547 1159 Contra
577 1115 781 1157 Grewius
812 1112 1140 1171 epidermidem
1163 1111 1220 1151 ab
1253 1112 1430 1152 utricu-

138 1176 292 1218 lorum
323 1176 579 1234 depletione
610 1190 699 1216 non
727 1173 823 1215 fieri
851 1206 862 1224 ‚
896 1173 970 1214 sed
1001 1188 1026 1213 a
1077 1173 1243 1212 semine
1294 1172 1430 1227 origi-

140 1253 244 1279 nem
275 1237 441 1279 ducere
473 1235 741 1284 contendit,
775 1248 910 1289 quem
942 1234 1124 1287 sequuti
1170 1237 1275 1270 sunt
1324 1229 1434 1269 Kro-

139 1297 278 1338 kerus
301 1329 312 1347 ‚
336 1306 381 1338 et
403 1296 741 1353 Comparettus,
764 1300 929 1333 neutro
953 1299 1101 1331 tamen
1125 1304 1218 1330 rem
1248 1289 1435 1330 demon—

145 1365 315 1399 strante
345 1389 355 1398 .

203 1416 248 1471 §.
283 1415 353 1457 56.
385 1414 445 1454 At
478 1418 632 1456 sexties
652 1414 747 1469 agit
777 1426 920 1452 annus
943 1441 954 1460 ,
987 1424 1012 1449 a
1044 1423 1136 1466 quo
1166 1422 1248 1449 nos
1269 1424 1323 1449 ex
1344 1407 1433 1450 hoc

147 1478 248 1532 ipso
279 1474 381 1516 loco
412 1473 474 1527 (*)
505 1471 829 1529 epidermidem
861 1470 1071 1526 organica
1096 1476 1259 1509 natura
1282 1469 1434 1509 viven-

146 1543 191 1576 te
220 1567 231 1584 ,
276 1549 329 1575 ac
381 1539 615 1588 vegetante
665 1529 839 1587 pollere
889 1528 1106 1585 pluribus
1154 1530 1434 1585 argumentis

145 1595 340 1652 probare
371 1593 613 1648 sategimus
638 1621 648 1630 .
676 1588 862 1631 Scilicet
889 1589 937 1629 id
984 1590 1200 1629 evincunt
1243 1589 1434 1629 existen-

147 1657 213 1695 tia
235 1687 246 1705 ‚
280 1660 325 1694 et
382 1651 583 1693 conditio
623 1648 915 1706 epidermidis
945 1650 993 1689 in
1049 1649 1248 1704 germine
1272 1679 1283 1697 ,
1335 1649 1433 1702 ejus

149 1717 220 1756 vis
250 1719 478 1770 vegetans,
513 1718 558 1751 et
587 1711 788 1751 extensio
820 1711 866 1749 in
897 1716 1126 1750 crescente
1160 1706 1332 1764 planta,
1365 1722 1435 1748 or-

148 1781 225 1815 tus
256 1787 376 1814 novae
407 1770 698 1828 epidermidis
728 1785 783 1810 ex
813 1770 1014 1826 margine
1053 1767 1258 1810 vulneris
1279 1800 1290 1818 ,
1339 1782 1432 1808 non

149 1850 209 1876 ex
240 1841 334 1874 tota
366 1828 601 1888 superficie
631 1827 860 1871 vulnerati
910 1828 1277 1886 parenchymatis
1301 1859 1312 1877 ‚
1359 1828 1433 1868 de-

153 1895 363 1943 structio,
395 1901 439 1933 et
470 1892 692 1948 separatio
721 1888 932 1931 cuticulae
963 1890 1113 1930 statim
1145 1904 1196 1930 ac
1224 1886 1308 1928 illa
1339 1902 1432 1928 mo-

154 1956 275 1996 ritur
301 1985 312 2003 ,
344 1966 451 1994 cum
480 1950 664 1992 nullum
694 1951 875 1991 intersit
932 1950 1257 1991 commercium
1312 1948 1431 1988 inter

155 2016 374 2062 viventes,
405 2027 457 2053 ac
489 2011 753 2052 demortuas
775 2009 1034 2066 plantarum
1051 2016 1216 2066 partes.
1236 2007 1317 2048 His
1336 2022 1434 2047 ma—

154 2076 299 2132 jorem
328 2080 482 2130 postea
534 2073 628 2113 vim
682 2071 876 2129 praebuit
923 2071 1149 2129 presentia
1193 2082 1429 2127 porosum,

205 2308 259 2353 (*)
284 2308 325 2344 In
348 2307 647 2355 Archigymnasio
669 2306 885 2341 Bononiensi
904 2332 914 2341 .
