1669 2563
183 136 289 198 ‚33

171 248 268 281 tum
298 243 407 299 quia
437 243 688 287 viventium
719 257 965 302 corporum
991 241 1112 302 leges
1132 275 1144 295 ,
1172 245 1463 304 actionesque

169 317 194 341 a
215 301 423 359 legibus,
453 307 803 363 actionibusque
835 311 1022 347 mortuae
1065 306 1271 347 materiei
1325 322 1464 364 quam

168 359 434 419 longissime
467 366 636 407 d1stent
657 396 668 408 .

227 422 271 477 ξ.
303 427 402 467 282.
433 425 645 483 Denique
675 423 858 484 longius
887 439 914 467 a
938 438 1048 468 vero
1087 422 1310 466 recedunt
1329 456 1342 475 ‚
1386 427 1470 483 qui

171 479 284 523 folia
314 485 377 526 ita
401 493 544 527 noctu
594 485 745 528 locata
791 485 986 527 credunt
1010 516 1021 535 ‚
1076 492 1129 525 ut
1178 483 1270 526 haec
1315 482 1473 528 florem

173 542 447 598 prohibeant
477 546 537 587 ab
567 547 684 587 aeris
727 546 912 601 injuriis
936 577 946 587 .
992 543 1174 586 Etenim
1223 545 1473 588 innumeras

173 601 332 659 plantae
354 604 465 647 folia
495 604 686 647 flectunt
710 605 837 647 horis
866 606 1107 647 nocturnis
1125 637 1137 655 ,
1161 602 1236 646 vel
1257 602 1470 657 floreant,

170 660 245 702 vel
267 678 378 715 non;
400 673 559 707 contra
581 665 677 708 aliae
698 664 871 723 plures,
895 667 988 707 sive
1010 662 1205 707 floribus
1230 674 1470 717 ornentur,

176 723 267 765 sive
290 723 384 769 illis
414 725 740 778 destituantur,
763 724 877 768 folia
901 739 1137 783 nunquam
1165 722 1358 767 flectunt
1376 757 1386 768 .

683 843 948 903 Exspiratio
965 876 976 887 .

233 961 277 1017 ξ.
310 964 409 1006 283.
441 964 735 1022 Inspirationi
766 962 989 1005 foliorum
1020 963 1269 1019 exspiratio
1313 977 1471 1005 succe*

177 1019 244 1061 dit
263 1055 272 1063 .
304 1024 403 1064 Haec
432 1023 483 1065 fit
512 1023 742 1065 interdiu.
763 1022 1120 1079 Ingenhouzius,
1152 1029 1199 1062 et
1223 1022 1472 1065 Sennebic-

179 1084 273 1123 rius
328 1087 533 1124 omnium
565 1084 704 1140 primi
750 1081 1208 1131 animadverterunt,
1261 1082 1438 1139 plantas
1463 1116 1474 1135 ‚

176 1141 283 1181 dum
317 1142 424 1186 solis
456 1143 594 1185 radiis
624 1149 951 1199 exponuntur,
1003 1155 1153 1182 aerem
1195 1144 1473 1199 oxygenium

174 1204 380 1243 emittere
405 1235 414 1244 .
439 1203 558 1244 Nam
582 1217 687 1243 cum
708 1217 859 1244 aerem
888 1200 1011 1241 hunc
1050 1215 1156 1242 cum
1186 1199 1473 1260 hydrogenio

174 1277 276 1302 aere
308 1265 725 1313 commiscuissent,
770 1260 989 1303 electrica
1039 1258 1239 1303 scintilla
1273 1261 1473 1313 admota,

173 1322 538 1364 combustionem
566 1321 697 1363 illico
725 1321 1057 1373 obtinuerunt,
1090 1319 1164 1362 vel
1209 1335 1316 1363 cum
1346 1337 1478 1364 eum-

173 1381 276 1422 dem
307 1397 458 1425 aerem
490 1383 771 1440 oxygenium
801 1383 922 1423 intra
951 1395 1031 1423 vas
1080 1383 1356 1438 recepissent
1382 1415 1395 1434 ,
1427 1384 1475 1423 in

174 1456 267 1498 quo
293 1457 370 1484 aer
402 1451 500 1485 erat
531 1443 821 1501 respirationi
851 1443 1036 1483 minime
1083 1449 1243 1498 aptus,
1288 1440 1363 1483 hic
1394 1441 1475 1484 de·-

172 1517 301 1543 mum
349 1504 611 1560 aptissimus
660 1501 813 1544 factus
856 1508 926 1543 est
978 1501 1096 1542 aeris
1143 1501 1473 1558 atmosphaerici

176 1562 317 1603 instar
344 1595 354 1605 .
389 1564 605 1616 Quinimo
635 1562 757 1603 idem
807 1560 1131 1604 Sennebierius
1151 1559 1243 1602 alio
1265 1561 1476 1618 periculo

171 1622 304 1672 vidit,
352 1637 444 1680 quo
476 1624 576 1680 ipso
618 1629 822 1678 tempore
875 1620 1129 1678 oxygenius
1160 1635 1236 1661 aer
1268 1635 1292 1661 e
1344 1620 1473 1665 foliis

173 1681 331 1724 avolat
359 1697 480 1740 aqua
511 1683 726 1724 demersis
745 1713 756 1732 ‚
780 1688 825 1722 et
854 1678 951 1722 luci
982 1679 1091 1722 solis
1121 1681 1340 1738 expositis
1372 1713 1383 1724 .

233 1742 279 1798 §.
311 1744 411 1796 284.
444 1742 715 1784 Theodorus
745 1741 1016 1783 Saussurius
1035 1742 1082 1781 in
1113 1739 1228 1781 hanc
1252 1739 1474 1784 foliorum

174 1803 528 1859 exspirationem
562 1801 828 1860 diligentius
848 1803 1082 1859 inquirens
1107 1800 1281 1842 detexit
1305 1833 1317 1853 ,
1343 1801 1476 1844 illam

174 1863 320 1919 ipsam
358 1865 476 1905 aeris
525 1863 743 1920 oxygenii
787 1863 1119 1919 quantitatem,
1153 1874 1291 1918 quam
1333 1871 1475 1904 noctu

175 1921 290 1966 folia
319 1921 565 1966 hauserant
589 1955 601 1974 ‚
632 1920 834 1964 interdiu
865 1922 924 1964 ab
954 1920 1123 1963 eisdem
1157 1924 1340 1974 emitti,
1394 1924 1474 1965 vix

174 1982 407 2025 interdum
436 1982 595 2025 addito
637 1981 840 2040 pauculo
871 1997 974 2024 aere
1005 1983 1226 2039 septonio,
1258 1990 1304 2024 et
1334 1985 1476 2026 ratio-

176 2059 278 2085 nem
321 2042 437 2085 hanc
485 2044 603 2085 inter
651 2058 801 2085 aerem
851 2043 1130 2100 oxygenium
1160 2043 1434 2100 inspiratum
1461 2076 1474 2096 ‚

177 2112 317 2161 atque
352 2105 636 2161 exspiratum
682 2109 906 2161 perpetuo
939 2104 1129 2154 servari,
1160 2102 1304 2147 donec
1353 2105 1476 2147 vires

177 2163 339 2207 vitales
368 2162 620 2214 foliorum,
642 2161 753 2205 licet
784 2164 949 2206 sensim
999 2165 1256 2221 sensimque
1287 2163 1476 2223 langue-

178 2232 378 2278 scentes,
410 2231 692 2284 supersunt3
721 2222 846 2269 foliis
875 2225 995 2267 enim
1025 2223 1278 2270 demortuis
1304 2258 1318 2280 ,
1363 2233 1473 2271 tunc
