1669 2563
290 48 375 101 234

222 150 499 209 incompleta
522 184 532 202 ‚
565 166 662 209 quae
683 151 897 194 dividunt
926 152 1217 212 amygdalam
1253 155 1296 194 in
1350 153 1478 195 lobos
1507 188 1515 196 .

282 211 562 254 Gummosum
587 245 598 263 ,
631 228 839 270 gummea
872 215 1126 255 substantia
1160 213 1381 254 illinitum
1408 246 1417 255 .

283 271 560 314 Distinctum
591 287 620 312 a
650 282 779 323 testa,
816 272 1035 316 cohaerens
1064 288 1161 315 cum
1192 282 1303 314 testa
1329 305 1339 314 .

278 332 323 388 §.
357 347 427 389 79.
461 331 636 383 Hilum‚
671 335 763 374 sive
798 332 1018 384 foramen,
1054 349 1133 391 per
1165 333 1288 390 quod
1320 332 1523 390 ingredi-

226 400 370 432 untur
405 405 511 433 vasa
564 394 822 450 genituram
857 425 867 443 ,
898 401 943 434 et
986 395 1285 434 nutritionem
1315 391 1522 441 ferentia,

225 452 388 508 saepius
437 453 574 493 situm
605 453 651 492 in
697 452 845 494 medio
890 452 1107 503 maculae,
1152 451 1225 494 vel
1281 453 1523 501 cavitatis,

223 518 305 552 aut
355 513 697 569 prominentiae,
732 527 758 554 a
789 513 960 571 quibus
1009 527 1172 555 nomen
1224 514 1363 554 sumit
1396 544 1407 562 ‚
1462 511 1528 551 di-

229 572 353 612 citur

281 629 586 688 Punctzfornze
604 661 621 684 ‚
651 631 832 681 lineare,
863 631 1087 683 lineolam,
1126 630 1367 673 orbiculare
1391 663 1402 681 ,
1429 631 1528 673 elli-

220 692 396 747 pticum
419 722 430 741 ,
478 691 734 748 cordiforme
758 723 771 741 ‚
803 705 1042 733 convexum
1061 724 1073 742 ‚
1104 706 1343 733 concavum
1368 722 1378 732 .

285 749 557 806 Ambiguum
582 782 593 801 ,
625 764 731 790 cum
774 764 866 791 uno
915 752 1165 808 eodemque
1196 762 1399 809 tempore
1429 766 1525 807 per-

225 811 341 850 tinet
387 809 445 850 ad
477 817 721 866 utramque
752 812 1085 852 extremitatem
1117 813 1408 867 conjunctam
1459 826 1527 851 se-

222 870 356 910 minis
405 871 667 920 recurvati,
699 876 781 909 aut
812 867 1022 925 replicati
1056 901 1067 911 .

282 927 326 982 §.
360 929 431 969 80.
462 926 621 985 Raphe
649 959 660 979 ,
691 929 784 969 sive
804 926 1042 970 funiculus
1067 928 1347 971 umbilicalis
1371 944 1529 970 excur-

222 1001 324 1028 rens
357 989 472 1029 inter
503 995 690 1038 testam,
723 994 768 1029 et
801 995 977 1045 tegmen
996 1020 1008 1039 ,
1039 997 1230 1030 vocatur

280 1045 426 1088 Recta
454 1080 465 1099 ‚
499 1050 680 1090 sinuosa
707 1079 718 1097 ‚
750 1048 939 1104 simplex
961 1080 973 1098 ‚
1008 1062 1179 1090 ramosa
1201 1081 1211 1090 .

233 1160 236 1163 ¹
282 1106 326 1162 §.
369 1109 440 1149 81.
472 1107 671 1150 Chalaza
699 1139 711 1158 ,
755 1108 874 1150 idest
922 1109 1184 1151 extremitas
1234 1107 1428 1167 rapheos
1471 1114 1530 1149 te-

221 1168 363 1222 gmini
396 1166 532 1209 infixa
553 1201 564 1219 ,
595 1176 663 1210 est

284 1226 587 1270 Tubercalosa
613 1261 624 1279 ‚
661 1242 768 1270 eum
798 1229 1030 1285 prominet
1057 1225 1318 1270 carunculae
1350 1229 1489 1268 instar
1517 1259 1525 1268 .

278 1285 525 1343 Capularis
554 1321 565 1339 ,
604 1303 710 1330 cum
742 1288 1022 1346 expanditur
1055 1290 1177 1331 intra
1231 1287 1533 1331 substantiam

219 1350 435 1404 tegminis
478 1348 657 1406 cupulae
677 1381 688 1400 ‚
720 1348 794 1390 vel
827 1348 983 1404 cyathi
1009 1347 1143 1390 modo
1161 1380 1171 1389 .

281 1406 496 1450 Colorata
521 1441 532 1459 ‚
591 1409 793 1459 decolor,
852 1416 991 1467 prout
1021 1408 1175 1450 colore
1225 1407 1409 1458 differt,
1461 1405 1532 1448 vel

226 1465 370 1508 refert
404 1476 586 1527 tegmen
609 1502 620 1512 .

284 1527 328 1582 ξ.
363 1529 434 1571 82.
468 1527 755 1587 Amygdala,
788 1534 886 1570 tota
929 1543 1035 1587 pars
1081 1529 1274 1571 interior
1319 1528 1499 1570 seminis
1522 1560 1531 1577 ,

223 1586 397 1629 dieitur

287 1646 514 1690 Tunicam
537 1681 549 1700 ,
583 1664 690 1691 cum
723 1656 844 1691 tecta
874 1649 1197 1705 integumentis
1230 1648 1412 1689 seminis
1438 1680 1448 1689 .

288 1706 554 1764 Tegminata
575 1742 586 1760 ‚
616 1711 808 1751 loricata
837 1724 864 1750 a
896 1710 1093 1766 tegmine
1121 1741 1132 1760 ,
1165 1707 1242 1749 vel
1296 1715 1412 1750 testa
1456 1708 1534 1750 ol>-

223 1765 502 1810 ducentibus
525 1801 534 1810 .

287 1825 457 1878 Nuda,
492 1843 648 1870 carens
678 1828 1002 1885 integumentis
1055 1825 1351 1869 seminalibus
1389 1859 1400 1878 ‚
1454 1843 1533 1870 seu

225 1889 367 1928 mavis
397 1890 720 1946 integumentis
751 1887 1047 1930 seminalibus
1079 1889 1340 1945 pericarpio
1385 1889 1532 1930 adhae-

226 1948 435 1989 rentibus
460 1982 470 1990 .

285 2006 446 2048 Libera
471 2041 482 2059 ‚
516 2008 740 2049 adhaerens
767 2041 777 2059 ‚
810 2022 915 2048 cum
970 2005 1121 2049 soluta
1151 2023 1176 2048 a
1211 2009 1403 2065 tegmine
1459 2009 1535 2051 oh-

228 2066 427 2109 ducente.
453 2101 462 2117 ‚
497 2068 568 2110 vel
601 2069 747 2110 eidem
778 2068 1006 2109 adhaerens
1026 2100 1034 2108 .

292 2127 638 2184 Perispermata,
671 2131 1037 2185 aperispermata,
1076 2144 1099 2170 a
1133 2129 1369 2187 praesentia
1399 2162 1409 2179 ‚
1463 2126 1533 2170 vel

228 2186 412 2229 defectu
457 2191 797 2247 perispermatis
824 2221 833 2230 .
