1669 2563
278 153 360 206 248

213 254 585 314 Perigongylium
607 255 856 315 simplicius
877 266 943 300 est
966 259 1135 309 millies,
1168 261 1248 317 qui
1281 261 1397 303 sistit
1429 278 1507 319 pe-

212 316 506 374 ricarpiolum
538 320 944 375 monospermium,
968 327 1013 360 et
1042 319 1211 362 dieitur

276 377 571 418 Tenuissimus
600 409 611 425 ‚
633 378 884 433 pellucidus
902 412 913 429 ‚
939 381 1194 422 reticulatus
1215 411 1228 429 ‚
1254 380 1476 436 stiligerus
1495 413 1506 432 ,

210 439 373 480 sessilis
391 469 402 487 ‚
435 437 728 493 pedicellatus
751 470 761 479 .

270 498 314 553 ᾗ.
351 511 443 538 110.
476 496 650 553 Elytra,
680 496 1006 553 Sporangium,
1038 497 1112 540 vel
1148 497 1297 539 Theca
1326 498 1507 541 Hedwi-

211 558 274 614 gii
310 590 320 607 ,
354 557 526 599 Cellula
556 557 738 599 Acharii
763 590 774 608 ,
804 557 1148 614 Sporangiolum
1200 557 1380 599 Linekii
1400 590 1411 609 ,
1444 568 1510 601 est

210 617 578 674 perigongylium
620 625 863 674 angustum
895 650 905 667 ‚
926 620 1161 660 continens
1189 617 1413 676 gongylos
1439 633 1507 660 se-

211 679 352 718 riatos
377 710 387 727 ,
421 676 588 726 nudos,
618 676 692 718 vel
722 679 840 718 intra
872 677 984 720 alias
1031 677 1255 719 vesiculas
1280 678 1504 734 subdidy-

209 750 303 777 mas
330 744 687 787 ‚concatenatas
722 735 902 779 clausos
928 770 937 779 .
980 736 1147 793 Elytra
1177 739 1324 779 variat

267 796 557 852 Cylindracea
582 827 593 845 ‚
625 795 815 852 oblonga
833 829 844 847 ‚
877 797 1085 848 clavata,
1122 806 1272 848 acuta,
1298 799 1503 855 utrinque

208 865 342 897 acuta
367 888 378 906 ,
409 855 564 896 obtusa
595 885 605 895 .

265 915 310 969 ὃ.
349 929 442 955 111.
474 913 819 969 Sporangidiam
847 929 980 956 sensu
1014 914 1233 972 Hedwigii
1259 948 1270 966 ,
1313 924 1382 959 est
1426 933 1498 974 pe-

208 971 517 1030 rigongylium
548 971 763 1013 adflatum
794 972 924 1015 faciei
956 975 1137 1015 internae
1163 975 1297 1016 thecae
1317 976 1501 1018 Musco-

209 1048 302 1073 rum
326 1065 336 1083 ,
371 1041 423 1072 ut
451 1033 562 1073 alibi
596 1032 873 1073 ostendimus
898 1065 909 1083 ,
935 1034 982 1073 in
1012 1047 1104 1089 quo
1154 1035 1341 1090 qu1dem
1388 1052 1499 1093 prae-

206 1093 342 1148 cipue
373 1091 824 1133 animadvertendum
856 1100 922 1133 est
953 1092 1234 1144 satiemini,
1269 1109 1361 1150 qua
1391 1111 1498 1152 ape-

205 1153 327 1192 ritur
353 1184 364 1202 ,
399 1152 515 1193 idest
537 1167 594 1192 an
621 1151 669 1192 id
699 1149 776 1192 fiat
802 1167 880 1209 per
912 1150 1128 1204 fimbrias,
1160 1153 1335 1204 (lentes,
1369 1155 1498 1206 cilia,

206 1226 264 1252 an
296 1227 373 1268 per
405 1214 622 1253 scissuras
651 1213 774 1254 circa
818 1212 1116 1271 epiphragma
1167 1213 1367 1256 centrale
1395 1246 1407 1265 ,
1439 1230 1495 1256 an

205 1286 286 1313 ora
320 1273 608 1329 integerrima
626 1302 636 1313 .

545 1389 893 1448 Receptaculum
927 1390 1110 1449 fructus
1135 1424 1147 1435 .

259 1511 303 1566 §.
343 1525 436 1553 112..
487 1509 848 1569 Receptaculum
902 1510 1083 1554 fructus
1133 1526 1243 1570 saepe
1302 1515 1493 1556 maximi

200 1573 419 1612 momenti
448 1579 514 1612 est
545 1586 627 1628 pro
658 1571 1008 1615 determinandis
1048 1570 1216 1630 plantis
1246 1581 1493 1631 cryptoga-

199 1634 314 1681 mis,
348 1639 392 1672 et
423 1647 448 1672 a
479 1631 805 1688 conceptaculo
833 1634 1056 1690 praecipue
1090 1633 1350 1685 diversum,
1383 1637 1493 1691 quia

197 1699 372 1732 constat
404 1692 656 1732 substantia
686 1691 909 1749 peculiari
939 1725 950 1744 ‚
987 1691 1257 1751 glandulosa
1276 1726 1287 1744 ‚
1334 1693 1491 1735 distin-

197 1758 271 1791 cta
301 1766 328 1791 a
359 1752 610 1793 substantia
657 1751 865 1793 corticali
904 1754 1077 1803 cosmi,
1112 1752 1222 1794 licet
1262 1768 1366 1794 cum
1407 1754 1491 1796 illa

199 1810 391 1852 subinde
424 1819 719 1853 connectatur
743 1844 752 1853 .
786 1812 825 1854 A
865 1811 1024 1855 formis
1073 1811 1260 1854 diversis
1308 1817 1490 1856 nomina

202 1870 382 1911 diversa
413 1873 563 1928 ipsum
596 1886 779 1929 quoque
812 1875 1023 1914 sortitum
1052 1881 1119 1914 est
1143 1905 1155 1924 ,
1188 1880 1241 1913 ut
1270 1888 1377 1915 mox
1420 1876 1491 1916 vi-

199 1930 409 1972 debimus
431 1963 442 1980 ‚
475 1938 522 1971 at
551 1933 597 1973 in
627 1946 789 1988 genere
820 1931 990 1974 dicitur

269 1990 549 2032 Urceolatum
572 2023 584 2043 ,
601 1992 792 2048 planum
812 2024 823 2042 ,
859 1998 1102 2034 convexum
1124 2024 1135 2042 ‚
1166 1994 1458 2047 marginatum
1476 2026 1487 2043 ‚

199 2052 550 2105 immarginatum
580 2085 591 2104 ,
616 2051 862 2109 globosam,
893 2054 1112 2094 clavatum
1131 2083 1143 2102 ‚
1171 2053 1245 2107 fili
1268 2053 1491 2104 brme‚co-

201 2111 397 2151 lamnam
421 2143 430 2152 .

257 2170 300 2225 §.
340 2172 433 2213 113.
467 2169 623 2213 Elater
650 2179 719 2213 est
755 2169 1096 2229 receptaculum
1132 2170 1304 2214 factum
1351 2188 1493 2214 mem-

195 2230 395 2272 branula
446 2239 751 2289 perangusta,
799 2230 997 2283 lineari,
1040 2239 1248 2273 contorta
1275 2266 1285 2283 ,
1337 2232 1492 2274 clasti-

203 2305 255 2331 ca
284 2323 295 2342 ‚
341 2306 437 2349 quae
478 2291 793 2335 membranula
842 2307 946 2333 cum
989 2295 1033 2335 in
1079 2291 1362 2350 longitudine
1411 2308 1491 2335 sua
