1669 2563
254 58 335 97 218

198 160 341 209 Caro,
373 172 478 199 cum
511 157 657 214 drupa
689 157 984 205 maturuerit,
1014 152 1086 195 vel
1117 153 1261 194 cidem
1295 153 1484 194 adhaere-

200 237 247 262 re
279 220 461 276 pergit,
492 216 562 259 vel
597 232 651 258 ex
685 216 979 259 dissolutione
1012 215 1209 272 partium
1249 212 1382 254 facile
1419 229 1486 254 sc-

201 287 422 338 paratur3
454 277 557 318 hinc
590 276 759 318 dieitur

263 338 499 380 Adhaerens
523 369 533 388 ‚
560 339 799 393 persistens
824 367 835 385 ‚
866 333 938 376 vel
969 334 1168 377 secedens
1195 366 1204 384 ‚
1238 333 1428 375 caduca.

202 398 368 456 Drupae
398 411 492 438 nux
513 399 693 438 nomine
717 397 964 453 putaminis
996 395 1087 449 jam
1120 395 1177 436 al)
1209 395 1397 450 antiquo
1428 391 1492 431 ‹li-

204 460 437 517 gnoscitur
455 489 468 508 ,
499 456 623 515 quod
649 465 864 514 putamen
895 454 1018 496 ludit

263 517 500 560 Globosum
519 548 537 570 ,
582 525 761 558 ovatum
788 547 800 566 ,
852 514 1085 572 oblongum
1112 545 1122 562 ‚
1171 513 1455 570 cylindricum
1482 543 1493 560 ,

203 591 494 634 compressum
519 609 532 628 ‚
560 577 753 618 lobatum
772 606 784 626 ,
817 589 984 618 osseum
1008 605 1019 626 ,
1045 573 1321 616 chartaceum
1336 604 1347 623 ,
1369 585 1500 613 mem-

205 637 468 679 branaceum
495 668 506 687 ‚
543 637 762 678 sulcatum
787 668 798 685 ,
836 635 1311 677 sulcato-reticulatum
1330 663 1346 684 ,
1377 645 1499 687 pun-

204 706 371 739 etatum
398 728 410 747 ,
453 696 752 745 uniloculare‚
800 694 1036 737 biloculare
1078 695 1160 736 &a
1188 726 1200 745 ‚
1246 705 1498 748 monosper-

207 759 338 799 mium
356 789 368 807 ,
399 756 677 812 dispermium
707 755 789 795 cuc.

266 816 467 865 Evalve,
500 812 631 856 nulla
663 822 823 855 sutura
854 811 1090 854 manifesta
1121 812 1167 852 in
1200 809 1434 869 superficie
1455 841 1465 850 .

269 875 453 917 Bivalve
477 905 489 923 ‚
525 880 686 915 sutura
716 871 919 922 visibili,
951 886 1047 928 quae
1092 870 1256 911 dividit
1288 879 1503 928 putamen

211 939 259 978 in
290 934 404 976 duas
434 931 591 974 valvas
614 964 624 973 .
657 932 869 973 Attamen
897 931 984 972 hoc
1015 928 1287 972 naturaliter
1320 945 1408 970 non
1438 944 1506 969 sc-

211 995 336 1036 cedit
359 1001 380 1045 ,⁷
398 999 444 1034 et
473 999 582 1033 tunc
629 998 808 1033 tantum
839 989 1032 1032 dehiscit
1054 1021 1066 1040 ,
1097 986 1204 1031 curn
1235 991 1303 1031 vis
1353 988 1509 1045 aliqua

215 1057 308 1098 sive
337 1055 514 1094 interna
532 1084 544 1103 ‚
577 1052 670 1094 sive
694 1058 880 1093 externa
909 1049 1065 1092 valvas
1096 1047 1247 1105 pellit.

274 1114 320 1171 ξ.
354 1113 424 1156 50.
457 1111 674 1163 Pomum,
719 1110 936 1168 Pyridion
984 1107 1188 1152 Mirbelii
1212 1139 1224 1159 ‚
1268 1105 1505 1148 Melonida

214 1172 435 1216 Richardi
459 1204 471 1223 ,
507 1171 755 1227 Pyrenaria
784 1171 1036 1214 Desvauxii
1064 1202 1074 1220 ,
1107 1177 1174 1209 est
1204 1167 1511 1224 pericarpium

215 1247 459 1276 carnosum
484 1263 496 1284 ,
528 1231 786 1282 adhaerens,
835 1232 964 1287 apice
1007 1235 1280 1271 coronatum
1336 1225 1515 1267 laciniis

214 1293 439 1350 calycinis
463 1325 475 1344 ‚
505 1291 814 1342 indehiscens,
847 1289 1244 1348 oligospermium‚
1276 1287 1474 1328 nucibus
1501 1318 1512 1336 ‚

216 1369 295 1397 seu
327 1354 470 1394 mavis
500 1351 668 1393 loculis
699 1349 969 1393 seminiferis
989 1349 1241 1392 chartaceis
1260 1378 1270 1397 ,
1292 1345 1365 1388 vel
1395 1361 1513 1387 osse-

216 1417 256 1456 is
292 1415 338 1454 in
361 1412 646 1455 verticillum
677 1412 908 1470 dispositis
931 1413 1053 1454 eirca
1083 1423 1213 1451 axem
1236 1405 1480 1448 centralem
1504 1438 1512 1446 .

221 1475 408 1517 Dicitur

277 1533 552 1590 Splzaericum
577 1564 589 1584 ,
620 1531 967 1583 subrotundum,
998 1529 1241 1588 ellipticum
1260 1557 1278 1579 ,
1318 1524 1517 1567 turbina-

222 1603 313 1636 tam
338 1625 350 1644 ‚
380 1593 624 1635 coloratum
646 1623 656 1635 .

279 1652 578 1704 Loculosum,
610 1667 716 1695 cum
746 1666 886 1693 nuces
910 1684 922 1703 ,
953 1650 1027 1692 vel
1057 1648 1203 1691 loculi
1235 1646 1498 1690 chartacei.

282 1711 570 1755 Nucalosum
592 1745 603 1762 ‚
630 1727 737 1753 cum
767 1726 934 1762 nuces,
968 1710 1042 1753 vel
1074 1709 1218 1752 loculi
1248 1708 1361 1751 ossei
1392 1738 1403 1757 ‚
1436 1706 1516 1762 qui

225 1788 252 1815 a
281 1772 516 1814 nonnullis
545 1780 764 1814 vocantur
789 1784 972 1829 pyrenae
994 1803 1005 1813 .

286 1832 332 1888 §.
366 1833 436 1873 51.
469 1831 597 1889 Pepo
628 1831 842 1874 Gaertneri
862 1863 874 1882 ‚
906 1830 1144 1887 Peponida
1175 1825 1423 1875 Rielmrdi,
1455 1831 1522 1866 est

228 1894 536 1950 pericarpium
568 1893 690 1933 intus
720 1891 967 1948 pulposum
992 1922 1002 1941 ‚
1036 1890 1263 1932 adhaerens
1288 1920 1299 1938 ‚
1334 1886 1523 1927 destitu-

228 1960 525 2011 tumscorona
556 1952 764 2008 calycina
795 1949 1024 1993 terminali
1049 1983 1059 2001 ,
1092 1951 1289 1992 divisum
1336 1948 1382 1986 in
1415 1944 1523 2002 plu-

229 2028 299 2053 res
353 2011 529 2053 loculcs
579 2027 605 2053 a
655 2011 864 2069 placenta
919 2010 1122 2052 radiante
1156 2043 1166 2061 ‚
1218 2008 1351 2063 cujus
1406 2005 1520 2046 radii

230 2073 446 2128 utrinque
477 2079 642 2128 gerunt
672 2073 863 2122 semina,
896 2070 1097 2113 obducta
1128 2078 1241 2111 testa
1286 2067 1490 2107 (norim-ea
1512 2096 1520 2105 .

231 2130 444 2172 Placenta
485 2132 572 2173 haec
603 2132 793 2174 subinde
823 2148 849 2173 a
879 2140 1034 2173 centro
1071 2130 1238 2173 secedit
1271 2128 1327 2168 ad
1357 2134 1522 2183 partes,

234 2199 281 2233 ct
340 2193 565 2233 evanescit
590 2210 600 2242 3
646 2200 754 2235 tunc
816 2206 932 2251 pepo
982 2190 1029 2233 fit
1078 2206 1216 2232 cavus
1243 2221 1252 2240 ‚
1313 2195 1357 2229 ct
1410 2185 1524 2227 radii
