1669 2563
1288 104 1371 146 205

202 221 462 278 Capitatum
485 250 495 268 ‚
530 231 634 258 cum
677 211 903 270 globosum
928 242 938 260 ‚
982 207 1057 251 vel
1107 217 1311 260 ovatum,
1363 205 1439 250 vel

140 282 513 338 lzemc'splzcericum
533 309 542 318 .
1419 287 1426 294 ·

202 342 540 395 Emarginatzcm
569 367 580 385 ‚
613 347 719 375 cum
744 343 937 389 superne
968 326 1340 383 notatumsssulco
1377 325 1446 368 le-

142 404 187 444 vi
214 434 224 452 ‚
260 410 517 441 transverso
537 427 546 436 .

202 459 541 505 orbiculatam,
575 452 751 496 factum
782 446 970 492 lamella
1001 445 1139 506 plana
1163 477 1175 496 ,
1205 445 1445 495 circulari,

142 534 284 578 parva
310 551 319 559 .

205 579 435 621 Peltatam
465 608 475 624 ‚
518 573 637 614 idest
689 570 938 612 dilatatum
966 600 977 618 ‚
1030 579 1289 609 convexum
1345 579 1452 606 cum

143 639 343 680 umbone
369 668 379 686 ‚
431 649 510 677 ora
567 631 787 674 circulari
813 663 825 682 ,
881 627 1077 671 insidens
1128 628 1288 669 ovario
1316 657 1328 676 ,
1379 623 1454 666 vel

144 697 251 741 stilo
280 728 290 738 .

202 757 450 799 Radiatum
478 787 488 805 ,
521 767 628 794 cum
660 750 889 809 peltatum
918 783 929 801 ‚
961 755 1007 790 et
1052 745 1188 804 plicis
1238 744 1458 787 radianti-

141 820 230 861 bus
263 832 287 856 a
318 825 474 856 centro
502 814 558 855 ad
586 812 895 870 peripheriam
930 811 1210 850 instructum
1234 837 1244 848 .

203 876 470 925 Stalenum,
503 871 761 928 cruciforme
783 904 793 922 ‚
826 871 1027 912 divisum
1078 870 1125 909 in
1166 866 1298 908 lobos
1347 863 1460 908 stel-

144 937 194 979 lae
221 969 232 987 ‚
268 935 342 977 Vel
376 937 528 977 crucis
558 933 692 975 modo
720 932 965 989 dispositos
998 931 1045 970 in
1076 929 1205 986 apice
1239 925 1367 968 stili.

215 996 532 1039 Umbc'licatum
561 1026 571 1045 ‚
604 993 712 1050 plus
744 994 952 1033 minusve
985 998 1143 1031 centro
1176 987 1458 1044 depressum.

208 1056 467 1098 Concavata
492 1087 503 1105 ‚
537 1055 812 1095 urceolatum
836 1084 847 1103 ,
883 1049 1082 1092 scutellae
1112 1080 1123 1099 ,
1157 1046 1232 1090 vel
1282 1044 1461 1088 urceoli

148 1119 291 1158 instar
325 1125 597 1157 excavatum
626 1146 636 1156 .

215 1176 405 1232 Oblique
428 1177 701 1232 depressum,
729 1186 835 1213 cum
865 1171 994 1228 apice
1017 1167 1207 1229 planum
1223 1198 1234 1219 ,
1266 1173 1313 1209 et
1335 1164 1461 1213 obli-

151 1251 298 1295 quum
329 1268 338 1278 .
820 1277 825 1283 ,

217 1296 532 1337 Petaloideum
552 1326 562 1344 ‚
596 1293 1025 1341 membranaceum,
1059 1286 1303 1330 dilatatum
1327 1319 1338 1338 ‚
1389 1301 1465 1329 co-

153 1356 360 1399 loratum
386 1387 396 1406 ,
430 1353 657 1396 corollam
688 1351 886 1394 referens
912 1383 921 1392 .

212 1415 550 1457 Bilamellatum
577 1445 588 1464 ‚
619 1415 671 1454 in
717 1413 832 1454 duas
877 1408 1085 1452 lamellas
1129 1407 1347 1450 foliaceas
1393 1406 1468 1448 di-

152 1490 304 1519 vlsum
337 1507 346 1516 .

215 1533 504 1590 Perforatum
528 1565 539 1584 ,
571 1539 728 1573 centro
760 1535 1003 1587 pertusum
1027 1560 1037 1571 .

222 1594 495 1651 Taboeforme
519 1626 530 1644 ‚
563 1589 970 1648 infundibuliforme
993 1621 1004 1640 ‚
1037 1589 1199 1630 sensim
1220 1620 1231 1638 ‚
1280 1587 1467 1628 sensim-

159 1670 250 1714 que
284 1656 521 1711 superiora
555 1668 714 1694 versus
745 1650 989 1691 dilatatum
1014 1681 1025 1699 ‚
1058 1650 1181 1689 intus
1211 1660 1376 1689 cavum
1401 1679 1410 1688 .

217 1714 584 1757 canaliculatam
606 1744 617 1764 ,
650 1719 953 1761 excavatum,
987 1717 1032 1751 et
1061 1707 1350 1766 longitudine
1386 1721 1467 1748 sua

158 1784 369 1833 apertum
391 1807 402 1817 .

219 1835 500 1884 Dentatum,
534 1832 813 1875 crenzclatum
838 1862 849 1881 ,
882 1830 1081 1871 ciliatum
1107 1860 1118 1879 ‚
1170 1826 1287 1869 idest
1334 1841 1471 1868 coro-

161 1905 319 1937 natum
352 1898 479 1952 apice
500 1926 511 1944 ‚
546 1896 637 1935 Sive
672 1907 752 1934 ora
784 1905 996 1948 suprema
1018 1886 1265 1930 denticulis
1296 1889 1464 1937 acutis,

162 1955 237 1997 vel
269 1958 413 1997 crenis
445 1956 622 1996 obtusis
643 1986 653 2004 ‚
684 1952 760 1996 vel
791 1950 1007 1992 lacinulis
1046 1948 1356 2007 praetenuibus
1405 1949 1472 2004 pi-

166 2014 318 2055 lorum
347 2018 488 2056 instar
513 2047 523 2057 .

227 2074 468 2125 Ghzbrum,
496 2075 692 2132 pilosam
717 2105 728 2123 ,
769 2071 1083 2128 glandulosum
1106 2100 1118 2120 ,
1171 2066 1347 2109 scilicet
1395 2065 1470 2107 vel.

169 2134 350 2176 nudum
375 2167 386 2186 ‚
417 2134 491 2177 vel
523 2148 756 2193 aspersum
799 2132 907 2190 pilis
929 2164 940 2183 ,
974 2138 1056 2173 aut
1100 2127 1288 2187 papillis
1337 2126 1472 2184 glan-

170 2194 346 2236 dulosis
369 2226 378 2236 .

231 2253 489 2296 Plumoszcm
515 2286 526 2305 ‚
558 2259 732 2295 tectum
774 2250 900 2293 villis
951 2249 1125 2291 crebris
1154 2281 1166 2301 ‚
1197 2249 1470 2291 breviuscu-

175 2313 233 2356 lis
254 2346 265 2366 ‚
294 2314 466 2372 patulis
495 2315 542 2356 in
573 2320 668 2355 tota
699 2310 986 2368 longitudine
1019 2323 1100 2351 sua
1128 2341 1138 2350 .
