1669 2563
240 111 316 151 138

158 216 229 257 vel
263 214 514 256 radiculam
544 215 779 272 bicipitem
811 213 1021 256 Salvitzioe
1054 229 1134 271 pro
1182 213 1451 269 cotyledone

161 274 279 317 male
313 276 574 318 habuerunt
593 307 601 315 .

493 393 674 437 Cormzts
703 426 714 443 ,
767 395 948 450 ejusque
979 395 1098 449 origo
1118 416 1139 435 .-

218 518 319 569 411.
352 512 552 572 Gongyli
583 512 738 554 debito
772 512 872 554 loco
905 515 1166 563 commissi,
1192 515 1282 556 sive
1315 521 1457 562 terrae,

163 577 254 617 sive
287 590 410 632 aquae
433 606 444 624 ‚
479 576 570 615 sive
601 575 861 630 cuicunque
895 572 976 615 alii
1012 576 1192 630 corpori
1229 574 1457 629 organico,

162 635 234 677 vel
264 650 352 676 non
376 667 387 685 ‚
419 649 524 675 cum
553 635 673 674 nacti
706 631 878 674 fuerint
909 649 960 674 ca
1012 635 1161 675 omnia
1186 666 1197 682 ‚
1257 648 1352 689 quae
1403 631 1459 672 ad

165 696 537 752 germinationem
568 707 725 734 eorum
753 693 1042 735 excitandam
1074 695 1323 734 necessaria
1363 706 1460 733 esse

164 754 276 796 alias
306 756 582 803 monuimus,
617 752 819 809 plantam
845 753 1217 807 acotyledoneam
1240 753 1457 809 praebent,

164 816 297 870 cujus
335 821 429 855 tota
459 827 677 869 compago
703 827 869 869 corpus
894 815 1157 870 organicum
1182 815 1314 862 sistit,
1339 810 1463 868 quod

164 876 345 915 nomine
376 874 584 931 generico
616 886 803 913 cortuum
833 887 939 912 cum
993 871 1310 914 Willdenowio
1349 872 1463 912 dici-

172 950 276 975 mus
304 966 313 975 .

223 993 266 1048 §.
299 995 402 1046 412.
434 991 631 1033 Cosmus
662 991 744 1031 iste
777 1004 881 1030 cum
912 993 959 1031 in
990 989 1203 1047 plurimis
1236 991 1460 1047 stirpibus

164 1055 366 1110 primum
401 1051 593 1109 prodeat
623 1065 648 1090 a
680 1049 878 1106 gongylo
911 1064 992 1092 suo
1038 1053 1215 1106 crispus
1238 1082 1249 1100 ,
1283 1058 1328 1091 et
1375 1052 1467 1090 cri-

165 1115 294 1153 nium
326 1114 465 1152 instar
490 1109 749 1151 calamistro
776 1111 1096 1167 crispatorum‚
1126 1117 1177 1149 ut
1210 1111 1272 1149 ita
1291 1109 1460 1159 (licam,

166 1174 452 1213 cincinnatus
481 1202 491 1220 ‚
524 1170 641 1211 idest
670 1185 728 1210 ex
765 1172 982 1211 circinata
1013 1202 1024 1220 ‚
1076 1184 1213 1226 quam
1266 1177 1433 1210 vocant
1457 1201 1467 1218 ,

164 1233 426 1273 vernatione
453 1229 677 1287 paulatIm
708 1229 950 1271 evolvatur
971 1263 981 1279 ,
1014 1237 1058 1271 et·
1090 1245 1133 1270 se
1160 1244 1202 1270 se
1236 1228 1466 1285 explicet,

166 1292 215 1332 id
246 1298 514 1348 argumento
542 1289 655 1330 mihi
680 1292 821 1347 magis
844 1292 1077 1347 magisque
1105 1297 1171 1330 est
1202 1298 1359 1329 contra
1387 1288 1469 1328 Ri-

165 1352 410 1401 chardum,
443 1366 627 1408 germen
647 1349 861 1407 plantulae
887 1352 1029 1393 inesse
1050 1352 1096 1390 in
1122 1348 1337 1407 gongyh),
1365 1363 1470 1405 gon-

168 1411 393 1469 gylosque
420 1443 430 1462 ,
464 1418 517 1451 ut
547 1411 637 1467 jam
671 1410 944 1452 tradidimus
967 1443 978 1462 ‚
1026 1426 1181 1468 reapse
1213 1424 1306 1450 esse
1339 1408 1471 1466 plan-

169 1474 339 1530 tigeros
364 1504 373 1512 .

594 1588 830 1632 Structura
880 1592 1012 1632 cormz'
1037 1623 1046 1632 .

227 1709 271 1765 ξ.
306 1710 407 1762 413.
440 1710 632 1752 Cormus
685 1713 834 1752 variat
861 1711 909 1752 in
962 1717 1192 1752 structura
1247 1721 1326 1749 sua
1346 1739 1355 1749 .
1387 1707 1430 1747 Is
1459 1740 1469 1755 ‚

170 1773 251 1826 qui
282 1772 425 1826 inagis
455 1771 734 1827 compositus
760 1804 770 1821 ‚
803 1773 1008 1828 exsurgit
1039 1773 1085 1811 in
1132 1766 1309 1810 caulem
1360 1769 1473 1807 arti-

172 1829 414 1881 011111111111,
449 1832 540 1871 sive
607 1832 866 1887 sepimentis
912 1832 1180 1872 transversis
1234 1829 1431 1869 divisum
1459 1860 1469 1876 ,

172 1889 399 1946 habetque
423 1892 467 1930 in
493 1889 640 1930 medlo
673 1889 921 1931 medullam
952 1893 1199 1948 copiosam,
1233 1903 1328 1945 quae
1362 1887 1470 1944 plus

172 1951 374 1990 minusve
428 1951 626 2007 persistit
652 1951 698 1991 in
748 1966 902 1991 cormo
935 1951 1020 1992 sul)
1072 1958 1238 1991 terram
1291 1948 1470 1989 descen-

173 2010 302 2050 dente
323 2042 333 2059 ,
364 2013 607 2051 maximam
634 2018 805 2066 partem
833 2013 1060 2052 evanescit
1083 2013 1130 2051 in
1163 2008 1428 2050 ascendente
1460 2039 1469 2057 ,

174 2078 374 2126 tuncque
406 2069 557 2111 fistula
589 2072 695 2111 satis
725 2069 876 2128 ampla
900 2073 1097 2112 nascitur
1124 2072 1170 2110 in
1197 2077 1289 2110 tota
1317 2070 1471 2108 unius-

175 2130 397 2186 cujusque
453 2130 694 2171 internodii
728 2130 1011 2187 longitudine
1042 2164 1050 2172 .
1104 2131 1236 2172 Circa
1292 2126 1474 2170 medul-

174 2189 264 2230 lam
297 2198 485 2231 stratnm
518 2205 727 2231 vasorum
760 2186 993 2232 subviride
1014 2224 1023 2240 ,
1058 2199 1101 2231 01
1127 2205 1325 2231 crassum
1348 2221 1358 2238 ,
1392 2202 1470 2229 seu

176 2250 337 2306 vagina
353 2249 616 2293 medullaris
638 2258 719 2302 est,
742 2251 788 2292 in
811 2266 900 2309 qua
918 2252 1150 2293 Amiciano
1168 2251 1466 2307 inicroscopio
