1669 2563
1318 170 1404 224 309

232 280 484 339 Squarrosa
509 312 520 329 ,
553 275 852 332 anacampyla
881 273 1100 331 Hedwigii
1124 307 1133 324 ‚
1164 288 1270 314 cum
1315 274 1465 329 singu-

171 342 218 384 la
252 348 555 383 recurvantur
587 339 632 377 in
665 333 857 391 singulis
887 333 1109 375 lateribus
1134 333 1280 374 caulis
1307 366 1316 374 .

233 401 440 443 Secunda
472 430 483 448 ‚
539 395 823 438 heteromalla
882 393 1103 450 Hedwigii
1140 426 1151 443 ‚
1205 393 1469 434 lzomomallcz

174 462 360 504 Weberi
387 491 400 509 ‚
432 465 479 499 et
510 455 679 498 Mohrii
704 487 715 505 ‚
747 469 845 512 quae
875 453 932 495 ad
965 467 1137 505 unum,
1164 452 1376 508 idemque
1402 452 1470 492 la-

172 529 250 563 tus
282 518 398 561 flexa
428 549 438 559 .

241 579 471 623 Uncinata
489 609 501 627 ‚
527 589 725 634 quorum
755 588 872 631 apex
905 578 1084 614 tantum
1115 571 1173 612 ad
1210 584 1355 611 unum
1410 568 1472 610 la-

177 647 252 682 tus
283 646 505 681 curvatur
534 668 544 678 .

233 697 459 747 Stellam,
493 710 590 753 quae
621 692 825 735 conferta
855 694 902 734 in
934 692 1063 749 apice
1113 687 1261 731 caulis
1285 721 1296 738 ‚
1334 704 1475 729 ramo-

178 773 374 816 rumque
405 763 562 815 patent
592 752 729 797 stellae
762 753 898 795 modo
922 784 932 794 .

238 818 594 875 Reflexa‚cum
640 829 757 872 apex
806 826 967 855 eorum
1011 817 1269 852 extrorsum
1318 822 1476 849 recur—

180 886 317 921 vatur
342 910 352 920 .

234 937 453 980 Involuta
476 969 488 987 ‚
521 937 558 977 si
588 948 705 992 apex
735 946 894 976 eorum
918 933 1167 972 introrsum
1210 935 1431 969 curvatur
1463 960 1471 967 .

237 996 539 1055 Crispabilia,
569 998 719 1050 crispa
746 1025 757 1043 ‚
789 994 971 1042 cit-rosa,
1003 1005 1103 1048 quae
1132 990 1335 1031 siccitate
1367 1002 1479 1030 con-

181 1058 430 1100 trahuntur
455 1090 466 1107 ‚
498 1061 860 1111 contorquentur
883 1084 895 1094 .

240 1117 508 1159 Imbricata.
547 1115 647 1156 Haec
679 1129 705 1155 a
734 1112 939 1155 seriebus
963 1144 974 1161 ,
1013 1123 1129 1167 quas
1162 1123 1240 1164 per
1275 1106 1480 1164 longitu-

181 1178 337 1220 dinem
365 1175 514 1218 caulis
543 1174 764 1223 efficiunt,
795 1172 1015 1213 dicuntur
1046 1167 1277 1217 bifariam,
1310 1167 1482 1208 trifari-

184 1253 258 1279 am
276 1269 288 1288 ,
320 1234 673 1295 quadrifariam,
703 1229 1070 1291 quinquefariam
1089 1262 1100 1280 ‚
1124 1227 1367 1271 sexfariam
1398 1229 1484 1268 im·-

184 1299 363 1341 bricata
385 1330 396 1340 .

521 1413 684 1458 Partes
714 1413 965 1455 accessoriae
993 1412 1127 1454 corma·
1144 1441 1154 1451 .

248 1536 294 1593 ᾗ.
328 1549 428 1594 179.
457 1534 679 1593 Stipaloe,
715 1531 1052 1589 Amphigastria
1083 1527 1301 1571 Ehrharti
1327 1561 1337 1577 ,
1384 1535 1489 1568 sunt

195 1596 359 1639 foliola
390 1594 697 1654 superficialia
722 1627 734 1645 ,
767 1594 884 1634 idest
914 1591 1128 1649 adpressa
1158 1591 1277 1648 parti
1307 1586 1490 1629 inferio-

194 1659 235 1699 ri
264 1656 412 1700 caulis
442 1659 561 1699 inter
593 1654 707 1697 folia
731 1651 926 1695 disticha
952 1684 963 1693 .

254 1717 299 1774 §.
338 1718 433 1760 180.
459 1715 700 1766 Aurio-ulae,
726 1713 920 1771 Stipulae
949 1709 1186 1761 Ehrharti‚
1219 1716 1325 1750 sunt
1353 1705 1491 1749 folio-

194 1776 242 1819 la
266 1780 476 1835 opposita
503 1810 516 1829 ‚
547 1777 725 1820 minuta
753 1807 765 1826 ,
794 1775 881 1817 sita
911 1773 959 1815 in
989 1770 1147 1815 axillis
1175 1769 1396 1812 foliorum
1426 1768 1494 1809 di-

194 1837 451 1881 stichorum
474 1870 485 1880 .

255 1898 300 1954 §.
338 1898 433 1940 181.
471 1896 656 1954 Vaginae
684 1902 791 1937 sunt
837 1893 1108 1936 membranae
1161 1897 1445 1948 assurgentes
1469 1904 1494 1930 a

197 1959 328 2001 nodis
369 1956 516 2000 caulis
542 1990 554 2009 ,
584 1965 629 2000 et
663 1956 786 2014 scapi
831 1955 878 1996 in
922 1953 1146 2010 Equisetis
1171 1985 1182 2003 ‚
1213 1950 1497 1993 circumdan-

199 2025 268 2060 tes
296 2018 553 2061 internodia
609 2031 771 2059 eorum
801 2047 812 2066 ,
843 2017 1046 2072 margine
1076 2012 1265 2054 dentatae
1288 2044 1297 2053 .

262 2078 308 2135 §.
344 2080 440 2122 182.
470 2079 623 2121 Paleae
676 2084 782 2118 sunt
823 2089 1017 2132 squamae
1051 2075 1251 2116 scariosae
1274 2105 1285 2122 ,
1325 2071 1458 2113 fuscae
1485 2101 1495 2118 ,

203 2140 370 2195 passim
414 2141 506 2181 sitae
552 2141 599 2180 in
630 2136 789 2178 fronde
820 2135 1038 2177 Filicam.
1070 2134 1235 2176 Forma
1262 2132 1495 2190 palearum

205 2199 531 2241 determinetur
562 2215 589 2240 a
620 2197 778 2239 formis
810 2195 1027 2237 foliorum
1052 2228 1062 2237 .

265 2261 311 2316 §.
349 2261 444 2302 183.
468 2259 685 2316 Ampulla
709 2291 720 2308 ,
761 2256 966 2300 Vesicula
996 2264 1062 2297 est
1092 2253 1339 2311 explicatio
1375 2250 1499 2294 infla-

211 2328 256 2362 ta
275 2354 287 2373 ,
335 2319 494 2364 clausa
518 2353 529 2372 ‚
580 2322 736 2361 innata
789 2316 941 2361 frondi
998 2315 1215 2359 cmcorzmz
1239 2347 1249 2365 ,
1297 2312 1368 2355 vel
1432 2321 1498 2354 est
