1669 2563
1395 191 1446 232 31

269 300 314 357 §.
337 301 430 342 108.
447 299 544 341 Haec
561 303 716 337 autem
737 302 930 352 ruptura
945 308 1065 337 nunc
1081 290 1130 333 fit
1153 294 1318 335 tunicis
1343 294 1507 336 discer-

209 363 299 418 ptis
323 394 334 412 ‚
365 373 485 401 nunc
517 355 723 397 radicula
754 357 976 412 impetum
1006 356 1052 394 in
1083 360 1307 410 punctum
1361 354 1509 410 qnod-

211 421 315 462 dam
339 452 350 470 ‚
382 417 526 459 veluti
558 417 605 456 in
659 415 958 472 operculum,
1014 412 1208 454 faciente
1232 443 1243 462 ‚
1294 412 1504 469 illudque

210 479 409 537 pellente
434 493 444 526 3
476 475 523 516 id
553 489 660 517 vero
691 477 917 517 constanti
947 481 1115 516 naturae
1145 471 1243 530 lege
1275 472 1319 511 in
1346 474 1504 529 quavis

208 540 377 598 specie,
395 533 662 592 familiaque
690 566 700 577 .

265 598 307 653 §.
347 609 442 652 109.
475 595 514 635 A
545 594 696 636 soluta
734 596 939 636 nutricia
968 594 1157 634 materie
1210 589 1281 631 lac
1328 592 1508 631 seminis

207 659 373 706 oritur,
407 654 532 711 quod
565 653 823 712 plantulam
864 670 944 712 per
985 668 1091 696 vasa
1121 649 1381 692 mammalia
1408 651 1512 691 sub-

206 719 304 758 iens
332 748 342 766 ,
377 716 664 772 generatione
697 713 789 755 fere
822 716 989 756 iterum
1036 714 1275 763 instituta,
1325 726 1509 767 germen

206 776 264 817 ad
296 777 436 817 vitam
468 776 672 816 excitat.
705 774 873 826 Quare,
908 774 1158 816 seminibus
1191 769 1463 826 cotyledone
1492 802 1502 819 ‚

204 834 279 878 vel
314 837 636 892 perispermate
669 843 765 875 arte
791 835 991 885 orbatis,
1024 832 1156 874 nulla
1189 831 1386 888 amplius
1412 832 1505 870 vita

204 903 295 937 est.
329 894 491 952 Neque
523 893 809 950 cotyledonis
829 927 839 945 ,
872 904 953 936 aut
984 893 1324 951 perispermatis
1376 890 1507 930 duri-

205 957 291 998 ties
335 970 539 1012 unquam
591 954 782 1012 impedit
809 987 820 1005 ,
871 955 1118 1011 quominus
1167 952 1330 992 humor
1362 951 1419 990 ab
1452 952 1506 990 iis

204 1016 505 1057 absorbeatur
527 1047 538 1065 ,
571 1023 616 1056 et
646 1017 693 1055 in
723 1016 976 1056 nutricium
1001 1013 1071 1055 lac
1101 1045 1112 1065 ‚
1160 1019 1343 1071 peracta
1388 1009 1510 1051 solu-

205 1077 328 1117 tione
361 1074 525 1116 faeculae
555 1107 566 1125 ,
604 1075 738 1116 abeat
766 1107 776 1117 .

265 1135 309 1192 §.
349 1149 442 1176 110.
475 1135 565 1176 Lac
610 1137 791 1176 seminis
831 1136 983 1175 statim
1012 1135 1059 1174 in
1083 1130 1337 1174 radiculam
1366 1137 1511 1170 trans-

209 1195 275 1244 it,
305 1195 585 1252 quibusdam
616 1195 898 1251 germinibus
943 1193 1232 1249 macropodis
1281 1192 1504 1246 exceptis,

208 1257 256 1295 in
286 1255 457 1311 quibus
488 1269 578 1294 uno
601 1255 850 1310 eodemque
885 1262 1086 1310 tempore
1118 1260 1161 1293 et
1214 1250 1466 1292 radiculam
1494 1281 1504 1298 ‚

207 1321 252 1354 et
283 1312 559 1370 gemmulam
594 1315 718 1355 subit
747 1345 757 1355 .
790 1314 937 1370 Igitur
972 1311 1176 1353 radicula
1207 1310 1301 1351 fere
1335 1324 1507 1365 semper

209 1375 411 1414 omnium
440 1376 585 1430 prima
616 1373 801 1430 prodit,
834 1381 878 1414 et
901 1406 911 1423 ,
936 1372 1121 1413 discisso
1169 1374 1465 1428 epispermate
1496 1400 1507 1417 ,

210 1433 485 1488 producitur
514 1465 525 1482 ‚
559 1440 603 1473 et
652 1431 863 1489 defigitur
911 1436 958 1473 in
1011 1440 1174 1473 terram
1201 1463 1212 1481 ,
1245 1433 1334 1470 sive
1389 1429 1512 1469 nuda

210 1494 283 1542 sit,
320 1495 412 1533 sive
444 1507 470 1532 a
494 1491 753 1532 coleorhiza
786 1490 1096 1548 proficiscatur
1116 1523 1125 1532 .
1173 1490 1416 1544 Postquam
1440 1503 1513 1528 ra-

211 1551 369 1592 dicula
402 1553 448 1591 in
499 1559 668 1592 terram
699 1549 836 1591 infixa
859 1583 871 1603 ,
926 1549 1153 1607 gemmula
1187 1548 1475 1606 protruditur
1501 1579 1511 1597 ,

208 1626 304 1669 quae
337 1610 605 1652 alimentum
637 1625 770 1652 suum
795 1626 850 1651 ex
877 1609 1085 1651 radicula
1110 1609 1266 1649 haurit
1293 1640 1302 1649 .
1337 1608 1394 1647 At
1427 1608 1509 1648 ubi

209 1670 455 1727 cotyledon
487 1670 556 1711 lac
587 1674 840 1713 nutricium
874 1679 970 1711 tum
1000 1668 1228 1718 radiculae,
1262 1676 1357 1708 tum
1391 1683 1510 1723 gem-

208 1731 341 1772 mulae
367 1731 525 1772 eodem
559 1739 760 1788 tempore
808 1730 1074 1788 suppeditat
1102 1762 1112 1779 ‚
1162 1737 1269 1768 tunc
1318 1736 1511 1783 utraque

211 1790 350 1832 simul
382 1794 583 1833 nascitur
608 1823 619 1842 ,
653 1791 894 1833 Gemmula
924 1805 1031 1831 cum
1061 1788 1185 1830 nuda
1217 1796 1312 1838 est,
1345 1789 1437 1827 cito
1460 1789 1505 1826 in

209 1860 506 1908 conspectum
536 1853 660 1893 venit.
686 1869 696 1902 ;
730 1865 835 1892 cum
866 1865 973 1892 vero
1007 1852 1177 1906 tegitur
1225 1846 1472 1904 coleoptila
1498 1878 1508 1895 ‚

210 1911 256 1952 id
290 1919 397 1952 tunc
431 1911 613 1952 demum
647 1913 845 1969 obtingit
866 1944 877 1962 ‚
910 1925 1014 1952 cum
1054 1908 1308 1966 coleoptilae
1363 1908 1512 1965 parie-

210 1977 306 2022 tes,
339 1971 570 2028 gemmula
601 1979 886 2029 turgescente
910 2003 921 2022 ‚
973 1970 1297 2012 distenduntur
1327 2000 1338 2020 ,
1396 1975 1513 2008 atte-

211 2041 414 2072 nuantur
435 2064 446 2082 ‚
480 2031 792 2073 dilacerantur
817 2065 826 2074 .
1472 2040 1475 2041 ⁷

272 2091 316 2146 ξ.
354 2106 448 2133 111.
480 2091 691 2134 Germine
713 2095 776 2133 ita
807 2090 992 2133 evoluto
1012 2122 1022 2141 ‚
1056 2097 1152 2131 tota
1183 2086 1393 2147 plantula
1425 2094 1507 2136 est,

213 2149 262 2190 in
291 2166 383 2207 qua
415 2159 460 2192 et
489 2152 832 2194 descendentem
858 2184 869 2203 ,
903 2160 947 2193 et
992 2150 1307 2191 ascendentem
1353 2147 1515 2189 caudi-

214 2223 310 2251 cern
334 2212 475 2267 probe
507 2212 830 2270 distinguimus
855 2244 864 2253 .
892 2210 1080 2254 Collum
1108 2243 1118 2261 ‚
1173 2209 1301 2267 quod
1359 2222 1516 2249 secun-

217 2269 326 2309 dum
359 2285 384 2310 a
414 2271 685 2327 cotyledone
717 2275 874 2314 vivens
901 2304 912 2322 ‚
946 2286 1052 2312 cum
1093 2270 1362 2312 caudicibus
1416 2268 1514 2307 istis

217 2332 556 2383 commiscetur,
575 2340 621 2375 et
648 2333 783 2376 modo
814 2331 954 2383 hunc,
988 2331 1124 2374 modo
1154 2329 1290 2372 illum
1310 2343 1365 2369 ex
1389 2327 1515 2369 statis
