1669 2563
1239 155 1318 197 107

99 252 304 296 maxime
334 265 444 295 vero
474 248 655 293 humori
686 242 978 304 praeparando
1025 243 1275 296 conducit,
1305 248 1389 303 qui

92 314 151 354 ad
181 315 517 372 generationem
541 308 796 365 requiritur
816 323 826 355 ;
859 304 961 346 ideo
983 303 1078 345 vita
1107 304 1258 346 brevis
1280 336 1293 355 ,
1319 305 1391 346 of-

90 371 247 415 ficium
271 380 484 430 praestans
508 401 518 410 .
550 368 644 409 Hac
669 366 724 407 de
758 381 806 406 re
835 364 908 405 die
933 395 944 413 ,
977 369 1201 418 nocteque
1226 365 1392 406 carbo..

88 435 219 476 nium
251 429 512 489 suppeditat
555 425 868 468 circumstanti
900 420 1218 479 atmosphaerae,
1251 421 1392 479 fitque

92 508 172 535 aer
204 492 362 533 acidus
391 486 664 530 carbonicus
683 517 694 536 ,
733 486 815 542 qui
848 481 1192 539 atmosphaeram
1222 482 1357 522 vitiat
1379 515 1391 533 ‚

90 559 140 594 et
203 551 377 592 interea
424 553 630 589 aromata
657 578 668 597 ‚
722 544 883 587 odores
914 576 926 595 ,
988 555 1152 584 succus
1204 538 1355 582 lentus
1380 574 1392 591 ,

91 609 335 666 dulcisque
363 638 376 658 ,
412 622 505 664 quo
538 604 619 648 flos
669 604 891 663 praecipue
943 600 1104 661 pollet,
1139 597 1198 641 ob
1230 613 1397 657 oxyge-

92 685 202 712 num
234 666 614 726 superabundans
645 664 693 706 in
716 663 894 706 corolla
914 668 1230 711 secernuntur,
1256 660 1397 717 idque

91 727 398 771 diversimode
430 742 486 769 ex
518 725 852 768 elementorum
883 721 1182 783 proportione
1207 735 1320 778 pene
1348 722 1398 761 in

91 787 324 830 infinitum
358 785 538 829 diversa
562 817 572 828 .

148 847 193 903 ς.
226 849 330 890 333.
362 846 531 889 Iisdem
577 843 633 888 de
668 845 820 887 causis
853 841 936 885 alii
967 839 1102 883 flores
1134 838 1263 881 statis
1288 870 1300 888 ,
1333 835 1400 879 di-

92 909 331 965 versisque
363 907 668 966 temporibus,
693 914 738 946 et
761 901 887 946 horis
919 904 1111 957 (tamen
1141 899 1239 942 fere
1274 913 1402 940 sem-

86 981 173 1069 per
206 968 368 1010 iisdem
396 969 444 1009 in
470 967 627 1009 eadem
651 967 800 1023 specie
827 966 846 1020 >
868 970 1112 1022 patescunt
1136 960 1209 1001 die
1228 989 1240 1010 ‚
1272 957 1401 1000 clau-

122 1035 263 1069 untur
308 1035 470 1078 nocte,
523 1026 605 1068 alii
651 1033 814 1068 contra
838 1056 848 1066 .
880 1022 950 1066 Ex
984 1013 1056 1064 bis
1100 1020 1403 1063 calendarium

88 1088 156 1130 sic
186 1088 379 1139 dictum,
401 1095 446 1130 et
476 1085 750 1143 horologium
774 1084 917 1126 Florae
949 1080 1145 1124 deduxit
1173 1079 1400 1129 Linnaeus3

90 1156 344 1205 utrumque
376 1149 625 1205 speciosius
645 1178 656 1196 ,
690 1160 828 1203 quam
858 1143 1044 1193 verius,
1076 1155 1183 1183 cum
1213 1148 1400 1180 utrum-

89 1223 183 1265 que
218 1208 451 1250 diversum
475 1221 558 1264 pro
582 1206 772 1248 diversis
797 1204 1076 1262 regionibus,
1099 1209 1144 1243 et
1163 1207 1402 1256 tempesta-

92 1269 221 1309 tibus
241 1298 254 1319 ,
291 1267 427 1309 sicuti
462 1266 748 1307 Adansonius
784 1265 1043 1306 observavit
1069 1294 1078 1303 .
1110 1261 1233 1318 Saepe
1263 1261 1401 1300 etiam

89 1325 226 1369 flores
250 1326 534 1368 clauduntur
556 1324 760 1384 procella
775 1326 984 1373 instante,
1001 1321 1075 1363 vel
1094 1319 1201 1362 caelo
1224 1318 1403 1376 pluvio,

92 1386 356 1444 frigidoque
384 1418 394 1428 .
449 1387 556 1439 Quae
603 1386 755 1426 omnia
801 1385 1100 1440 contingunt,
1133 1387 1180 1421 et
1201 1380 1398 1428 variant,

92 1454 236 1505 prout
268 1444 449 1487 corolla
481 1444 588 1502 plus
619 1446 828 1485 minusve
858 1450 962 1499 eget
991 1455 1093 1483 aere
1132 1439 1359 1497 oxygenio
1386 1469 1400 1488 ,

90 1505 276 1556 calore,
307 1504 444 1555 luce,
496 1502 803 1559 meteorisque
831 1518 843 1551 3
875 1516 1024 1558 neque
1073 1501 1194 1541 enim
1247 1496 1402 1539 corol-

90 1565 140 1608 la
154 1564 483 1614 custodiendis,
506 1562 780 1618 tuendisque
805 1563 984 1618 organis
1000 1558 1280 1618 genitalibus
1296 1571 1402 1614 prae-

90 1628 249 1683 cipue,
283 1630 330 1667 et
373 1621 661 1666 solummodo
713 1623 902 1664 inservit
929 1652 940 1671 ,
974 1628 1028 1661 ut
1057 1618 1245 1676 quidam
1266 1624 1402 1674 puta-

93 1694 219 1729 runt.
236 1685 289 1727 Id
308 1685 532 1734 muneris,
564 1681 728 1740 siquod
745 1690 827 1732 est,
845 1680 1165 1723 secundarium
1181 1685 1301 1719 certe
1318 1684 1400 1717 est.

149 1746 194 1802 §.
229 1747 332 1800 334.
365 1743 428 1786 At
451 1758 544 1802 qua
578 1744 756 1785 ratione
788 1742 994 1791 eveniat,
1027 1747 1081 1782 ut
1135 1745 1289 1779 motus
1320 1735 1402 1776 ali-

91 1809 198 1864 quis
228 1805 457 1848 habeatur
491 1806 541 1846 in
572 1801 767 1853 corolla,
793 1801 841 1843 id
866 1802 1049 1843 eruitur
1097 1806 1196 1841 tum
1221 1813 1248 1839 a
1279 1804 1403 1838 stru-

89 1874 240 1918 ctura,
288 1872 336 1908 et
364 1864 547 1907 viribus
584 1861 817 1906 vitalibus
862 1861 1066 1919 partium
1091 1892 1102 1911 ,
1137 1866 1236 1900 tum
1268 1873 1294 1898 a
1326 1856 1402 1898 lu»-

93 1929 189 1977 cis,
232 1933 589 1982 caeterarumque
634 1937 789 1965 rerum
839 1929 1136 1964 externarum
1190 1915 1401 1960 influxu.

94 1985 244 2038 Sunt,
302 1987 351 2027 ui
385 1992 549 2045 putent
573 2017 585 2035 ,
617 1982 828 2039 calycem
852 1997 1038 2040 quoque
1070 1980 1180 2023 huic
1214 1980 1279 2021 rei
1300 1992 1403 2018 con-

99 2003 336 2103 sequendae
367 2044 588 2103 opitulari
613 2076 624 2095 ,
660 2058 713 2086 eo
745 2043 869 2101 quod
891 2040 1293 2085 observationibus
1316 2038 1404 2079 De-

100 2106 261 2147 vauxii
284 2105 507 2148 nonnulla
532 2103 1030 2148 Mesembriantlzemata
1054 2135 1066 2155 ,
1096 2114 1296 2158 quorum
1321 2096 1404 2138 flo-

102 2180 174 2207 res
205 2167 333 2207 statis
363 2165 454 2207 diei
485 2165 611 2207 horis
656 2171 917 2224 patescunt,
963 2160 1037 2205 vel
1081 2160 1366 2204 clauduntur
1390 2188 1401 2206 ‚

99 2222 292 2267 floribus
323 2238 496 2283 semper
543 2226 714 2282 apertis
765 2231 1026 2266 remaneant
1054 2256 1066 2274 ,
1112 2223 1195 2264 ubi
1243 2217 1403 2272 calyce

101 2285 320 2326 orbentur
348 2302 359 2334 3
389 2298 486 2341 quae
516 2299 586 2327 res
614 2287 861 2326 attentione
891 2284 1027 2343 digna
1046 2317 1057 2335 ,
1087 2291 1134 2326 et
1162 2284 1210 2324 in
1235 2278 1403 2322 caeteris

102 2343 294 2389 floribus
338 2344 490 2388 adhuc
518 2345 854 2403 investiganda.
