1669 2563
1297 102 1379 157 247

215 201 483 259 Marginans
506 235 516 253 ‚
550 203 630 244 ubi
656 201 910 243 circumdat
943 204 1283 260 receptaculum
1335 219 1448 261 pro-

155 260 353 318 ligcrum
385 263 585 318 margine
616 262 867 303 accessorio
886 293 897 310 ‚
930 261 1035 318 plus
1065 266 1270 305 minusve
1301 266 1451 305 mani-

156 320 270 363 sesto
294 354 304 362 .

214 379 533 435 Sczctelliforme
554 411 565 428 ‚
595 378 719 420 idest·
741 391 992 419 concavum
1015 411 1027 429 ‚
1060 380 1319 423 orbiculare
1340 414 1350 432 ‚
1374 381 1450 424 vel

155 438 528 488 subm-hicmare,
563 445 608 478 et
641 439 897 494 marginans
924 469 934 478 .

215 498 450 539 Globosam
478 528 489 547 ,
520 496 778 553 sphaericum
807 529 818 547 ‚
852 496 1083 539 obducens
1125 497 1343 540 nucleum
1387 499 1450 540 sa-

154 565 280 598 ctum
311 573 337 598 a
365 556 656 613 receptaculo
692 555 921 614 proligero
940 589 950 598 .

213 616 256 671 §.
295 615 389 659 106.
421 615 575 658 Pileus
605 624 671 658 est
703 631 879 658 summa
923 631 1027 674 pars
1058 615 1313 672 Fungorzcm
1347 615 1450 674 plus

153 677 301 716 minus
349 673 536 717 carnosa
560 708 571 726 ,
624 676 832 733 depressa
855 708 867 727 ,
913 684 958 717 et
1008 677 1283 719 orbicularis
1312 708 1322 726 ‚
1381 675 1452 715 vel

155 734 338 792 turgida
366 767 377 785 ‚
411 733 601 792 globosa
625 768 637 786 ‚
671 743 752 777 aut
783 735 1010 794 oblonga,
1059 739 1282 778 sustinens
1331 751 1456 776 reee-

156 792 394 851 ptaculum
420 794 702 852 proligerum
733 811 1001 853 expansum,
1024 795 1295 854 plerumque
1317 797 1455 836 situm

152 858 201 894 in
238 852 475 910 superficie
506 854 721 897 inferiore
745 888 757 906 ‚
792 858 939 898 rarius
970 857 1018 897 in
1051 858 1284 914 superiore
1303 889 1313 898 .
1340 854 1457 897 Ver-

158 922 235 956 tex
268 912 378 970 pilei
417 914 680 972 appellatur
709 915 848 959 Umbo
870 948 880 957 .
912 914 1069 958 Pileus
1099 918 1248 958 variat

219 973 427 1026 Planus,
470 989 716 1025 concavus,
768 989 987 1018 convexus
1014 1009 1026 1027 ‚
1075 974 1418 1032 campanulatzcs
1443 1005 1454 1023 ‚

158 1032 577 1090 infundibulisormis
604 1067 615 1085 ,
662 1043 821 1077 ovatus
844 1067 855 1086 ‚
905 1036 1106 1079 clavatus
1131 1067 1143 1087 ‚
1193 1038 1423 1093 stipitatus
1444 1066 1455 1084 ,

159 1094 321 1136 sessilis
351 1126 360 1144 ‚
392 1096 484 1136 sive
515 1095 685 1137 acaalis
704 1127 714 1136 .

216 1153 495 1196 Dimidiatus
514 1186 525 1204 ‚
556 1169 662 1196 cum
694 1153 937 1197 dimidium
969 1155 1126 1198 orbem
1157 1153 1268 1196 facit
1293 1186 1303 1195 .

218 1213 480 1270 Perforatas
511 1215 558 1255 in
589 1222 744 1256 centro
776 1216 918 1272 apicis
941 1247 951 1257 .

225 1273 499 1316 Umbonatas
522 1306 533 1324 ,
562 1273 743 1316 umbone
772 1277 924 1316 conico
947 1307 958 1323 ‚
987 1272 1062 1317 vel
1093 1274 1294 1331 depresso
1316 1305 1326 1315 .

218 1333 262 1388 ξ.
302 1348 397 1390 ¹07·
428 1333 650 1390 Cyamus,
672 1333 896 1390 Orygoma
916 1334 1140 1384 Neckeri,
1162 1342 1229 1374 est
1260 1331 1460 1388 scyphus

160 1391 330 1434 sessilis
357 1426 368 1444 ,
400 1395 603 1450 margine
634 1394 846 1436 dentatus
873 1426 883 1445 ‚
909 1396 1146 1437 continens
1195 1392 1422 1436 bulbillos
1447 1423 1458 1442 ‚

161 1452 254 1494 sive
289 1454 557 1511 propagines
588 1452 870 1496 lentiformes
894 1486 904 1496 .

581 1571 618 1614 S
611 1573 1007 1631 permatocystidia
1031 1604 1042 1614 .

221 1691 271 1747 §.
307 1693 400 1734 108.
433 1689 870 1750 Spermatocystidia‚
896 1691 1101 1736 Stamina
1121 1689 1429 1734 Willdenowii
1449 1722 1459 1741 ‚

163 1755 344 1793 variant

226 1811 421 1854 Globosa
444 1845 456 1862 ,
484 1820 616 1854 ovata
642 1846 654 1863 ‚
694 1813 975 1870 cylindracea
997 1845 1009 1865 ‚
1054 1810 1212 1855 obtusa
1238 1844 1250 1864 ,
1298 1818 1433 1854 acuta
1451 1843 1463 1863 ,

166 1873 334 1914 sessilia
362 1905 373 1924 ,
399 1873 674 1930 pedicellata
698 1905 708 1915 .

613 1993 975 2051 Perigongylium
1001 2025 1011 2034 .

226 2111 270 2166 ξ.
294 2125 386 2167 109.
418 2111 650 2170 Organum
668 2113 755 2156 hoc
782 2129 871 2154 non
893 2114 998 2154 satis
1019 2112 1257 2169 hucusque
1279 2126 1465 2169 perpen-

169 2186 266 2212 sum
299 2174 343 2211 in
372 2174 580 2213 universa
606 2173 866 2230 plantarum
887 2182 1287 2231 cryptogamarum
1313 2179 1462 2228 gente,

172 2238 217 2272 at
275 2237 397 2272 certe
463 2231 659 2275 solemne
689 2266 699 2284 ,
751 2242 795 2275 ct
849 2236 985 2277 variis
1041 2233 1198 2275 fonnis
1249 2230 1410 2272 ludens
1451 2263 1460 2272 .
