1669 2563
222 191 277 231 28

159 293 357 336 dubium
385 309 476 337 non
517 301 618 344 est3
668 308 867 352 cumque
910 296 1011 339 axis
1053 292 1288 355 gemmulae
1338 300 1464 338 recta

162 354 406 398 descendat
437 354 493 396 ad
526 355 673 397 basim
703 356 908 412 corporis
931 357 1140 406 carnosi,
1172 353 1299 412 quod
1329 363 1464 410 coty-

160 413 371 457 ledonem
399 429 493 456 esse
526 415 617 470 jam
642 415 1051 460 demonstravimus
1069 447 1080 468 ‚
1105 415 1207 456 ideo
1235 414 1464 456 radiculo-

155 473 237 516 des
285 489 342 516 ex
385 477 648 518 necessitate
721 473 923 517 lateralis
944 507 955 517 .
1008 476 1152 531 Atqui
1200 473 1466 530 hujusmodi

154 547 345 591 prorsus
374 542 470 584 est;
503 537 541 577 is
569 536 691 576 enim
732 535 817 577 sub
856 536 1004 592 primo
1052 533 1167 577 folio
1194 566 1206 587 ,
1251 537 1345 577 sive
1377 534 1466 577 sub

156 595 304 651 prima
332 593 550 653 Vaginula
599 594 785 652 papillis
827 594 986 637 multis
1032 595 1082 636 in
1133 595 1466 652 germinatione

153 654 400 696 extuberat
425 687 438 705 ‚
469 670 496 697 a
526 655 699 712 quibus
723 654 938 697 radiculae
965 687 977 705 ‚
1009 669 1117 697 mox
1160 654 1336 697 radices
1385 668 1466 696 ve—

158 727 214 754 rae
234 745 247 764 ,
279 722 478 764 exeunt3
513 729 611 772 quae
643 730 714 756 res
759 722 917 772 postea
946 713 1004 756 ad
1054 714 1254 772 quodvis
1295 713 1467 757 folium

154 776 351 830 repetita
383 777 616 826 occurrit,
648 782 702 816 ut
730 776 778 816 in
808 774 979 834 plantis
1009 773 1296 832 aquatilibus
1349 788 1466 832 saepe

161 835 418 891 contingit.

216 892 261 948 ς.
301 907 397 936 101.
431 893 653 951 Sequitur
685 908 743 936 ex
774 893 863 945 his,
895 907 1002 936 vasa
1032 894 1239 952 corporis
1284 894 1466 934 carnosi

153 952 349 994 invicem
380 956 697 996 convenientia
720 968 811 997 non
842 953 1098 997 radiculam
1117 987 1129 1005 ,
1161 955 1272 1010 quia
1301 967 1384 994 nec
1415 954 1467 993 in

152 1011 430 1068 cotyledone
462 1013 670 1055 radicula
699 1013 927 1056 inhabitat
949 1046 964 1065 ,
995 1030 1078 1056 nec
1111 1012 1323 1055 radicula
1360 1020 1427 1054 est
1450 1045 1465 1065 ,

153 1072 283 1128 quod
312 1088 549 1131 nunquam
596 1073 826 1116 evolvitur
851 1106 862 1124 ‚
894 1088 977 1116 nec
1028 1073 1233 1131 plantam
1274 1071 1427 1114 firmat
1450 1105 1463 1124 ,

155 1132 234 1173 sed
264 1147 370 1175 vasa
401 1134 663 1176 mammalia
693 1148 881 1192 prorsus
914 1136 1072 1175 sistere
1097 1165 1110 1184 ,
1145 1134 1361 1192 vaginam
1389 1147 1465 1175 ve-

154 1206 207 1232 ro
242 1192 480 1249 gemmulae
531 1197 761 1250 pertinere
791 1194 849 1235 ad
895 1192 1191 1250 coleoptilam
1215 1226 1228 1245 ,
1263 1208 1344 1235 seu
1380 1207 1466 1250 po-

155 1253 248 1293 tius
279 1252 450 1294 referre
496 1253 753 1310 stipulam,
794 1267 892 1309 quae
946 1254 1199 1310 unicuique
1250 1251 1368 1293 folio
1416 1254 1467 1294 in

155 1309 242 1352 hac
286 1311 446 1369 planta
495 1312 709 1355 solemnis
735 1345 746 1354 .
798 1312 936 1354 Forte
985 1310 1277 1354 radiculodes
1327 1312 1466 1354 initio

152 1371 266 1413 adeo
300 1386 469 1428 parvus
493 1380 562 1413 est
586 1405 597 1424 ,
631 1380 686 1414 ut
715 1372 1064 1416 observatorum
1097 1371 1258 1416 oculos
1289 1370 1465 1429 effuge-

153 1433 244 1474 rit.
276 1431 521 1476 Versimile
551 1447 736 1491 quoque
767 1440 836 1474 est
855 1464 868 1483 ,
897 1432 1175 1490 gemmulam
1200 1465 1212 1483 ,
1252 1439 1300 1474 et
1339 1432 1464 1473 radi-

152 1491 372 1534 culodem
401 1507 494 1534 uno
527 1493 779 1550 eodemque
804 1499 1007 1550 tempore
1029 1492 1256 1549 explicari
1280 1506 1337 1533 ex
1357 1506 1464 1534 con-

153 1552 390 1607 junctione
445 1567 661 1594 vasorum
709 1550 998 1607 cotyledonis
1052 1567 1157 1593 cum
1210 1559 1410 1608 utroque
1448 1584 1463 1603 ,

156 1611 284 1669 quod
321 1610 553 1669 plerisque
606 1612 887 1669 germinibus
938 1611 1230 1669 macropodis
1275 1612 1461 1654 videtur

154 1670 388 1729 peculiare
416 1688 428 1721 ;
464 1687 545 1712 nec
578 1680 817 1729 putarem,
848 1671 1042 1726 hujusce
1077 1670 1313 1729 gennuulae
1351 1687 1460 1716 evo-

154 1731 381 1774 lutionem
403 1731 658 1775 evolutioni
693 1731 975 1775 radiculodis
1000 1736 1157 1792 praeire
1184 1765 1194 1776 .

699 1850 892 1895 Balbini
912 1883 923 1894 .

212 1971 258 2028 ξ.
296 1984 397 2014 102.
425 1969 622 2015 Bulbilli
667 1979 773 2014 sunt
822 1986 1014 2017 carnosa
1066 1985 1262 2030 corpora
1290 2004 1302 2023 ‚
1352 1971 1463 2030 plus

156 2033 310 2073 minus
341 2035 647 2090 turgescentia
676 2065 689 2083 ,
719 2032 978 2090 plantulam
1006 2047 1088 2074 nec
1115 2032 1325 2075 radicula
1355 2035 1461 2075 visi-

157 2092 246 2134 bili
271 2125 283 2143 ,
316 2107 398 2134 nec
425 2092 697 2149 cotyledone
735 2093 948 2135 donatam
985 2091 1187 2135 foventia
1211 2125 1221 2135 .
1256 2093 1461 2151 Superfi-

157 2155 228 2194 cie
259 2153 382 2195 leves
414 2161 521 2196 sunt
548 2185 560 2204 ,
594 2151 898 2210 obvolutique
922 2153 1203 2211 epidermide
1226 2171 1237 2206 3
1259 2155 1384 2195 intus
1409 2156 1459 2194 in

155 2227 344 2255 succoso
374 2212 727 2272 parenchymate
757 2214 953 2256 nutricia
982 2215 1194 2256 materies
1216 2245 1228 2256 .
1264 2212 1459 2271 Organis

156 2272 435 2331 genitalibus
462 2275 663 2333 propriis
693 2282 872 2327 carent,
936 2289 1018 2318 nec
1066 2273 1238 2316 directe
1285 2273 1460 2317 foecun-

157 2334 325 2378 dantur
349 2366 361 2386 ,
393 2337 476 2380 etsi
509 2336 667 2395 saepius
696 2334 755 2379 ad
809 2335 1120 2395 phaenogamas
1144 2367 1155 2388 ‚
1209 2348 1349 2394 quam
1400 2334 1458 2379 ad
