1669 2563
206 169 259 210 58

205 273 248 328 ς.
290 272 386 329 195.
418 271 515 314 Nec
553 279 703 314 tamen
732 273 963 329 copiosior
999 284 1164 313 succus
1210 272 1274 312 sic
1326 285 1443 312 sem-

147 349 227 390 per
261 333 475 390 prodest,
508 340 561 373 ut
590 347 681 374 non
711 331 881 374 officiat
910 333 1156 376 arboribus
1181 363 1190 372 .
1224 330 1446 372 Excitan-

146 402 223 435 tur
256 395 377 435 enim
426 394 759 434 numerosiores
810 391 931 436 fibrae
973 392 1127 450 ligneae
1147 424 1158 442 ‚
1190 406 1283 448 qua
1315 398 1446 447 parte

146 453 268 494 unda
297 454 504 494 nutriens
525 452 836 496 abundantior
855 486 865 504 ,
889 453 1139 511 plantaque
1172 452 1235 493 ibi
1273 449 1447 491 firmior

145 513 198 555 fit
219 545 229 555 .
264 513 394 554 Tunc
425 515 634 571 opposita
667 527 772 569 pars
792 545 802 563 ‚
837 515 949 570 quia
982 512 1181 554 debilior
1201 544 1212 561 ‚
1238 511 1377 561 cedit,
1402 518 1450 551 et

146 574 284 614 arbor
315 574 583 615 incurvatur
605 605 614 615 .
638 570 729 614 Cui
761 575 827 614 rei
860 572 1039 615 medela
1068 581 1135 613 est
1163 572 1450 612 numerosio-

147 648 250 674 rum
280 632 500 676 fibrarum
553 634 716 676 recisio
746 633 905 692 aliqua
930 664 942 685 ,
993 641 1046 673 ut
1069 631 1278 691 agricola}
1307 631 1449 689 probe

146 701 317 736 norunt
335 725 345 735 .

316 812 515 857 Habitus
542 814 714 870 plantoe
737 814 955 871 quomodo
987 815 1245 854 immutatur
1273 844 1283 852 .

514 873 837 916 lucrementum
867 873 1036 917 arboris
1060 905 1071 915 .

210 993 255 1049 ξ.
294 994 387 1051 196.
428 992 488 1035 Et
523 993 613 1035 haeo
660 992 818 1034 eadem
861 992 1005 1034 serius
1056 999 1287 1049 protracta
1312 1024 1322 1042 ‚
1368 998 1451 1032 aut

149 1054 285 1095 citius
308 1054 532 1096 exhausta
562 1053 763 1094 nutricia
782 1054 992 1095 materies
1017 1053 1063 1092 in
1093 1066 1230 1093 causa
1261 1061 1342 1102 est,
1367 1065 1450 1092 cur

148 1114 354 1169 quaedam
392 1113 556 1172 plantae
583 1146 594 1164 ‚
628 1127 726 1170 quae
757 1111 860 1154 loco
895 1127 979 1154 suo
1013 1111 1156 1153 natali
1203 1126 1452 1168 perennan-

148 1181 218 1214 tes
257 1181 364 1215 sunt
390 1213 402 1231 ‚
435 1172 552 1215 alibi
588 1171 816 1214 fruticosae
850 1171 959 1213 fiant
986 1203 997 1222 ,
1029 1179 1074 1212 et
1107 1179 1283 1221 contra,
1311 1179 1451 1228 prout

149 1233 204 1274 de
236 1232 381 1275 Musa
404 1234 724 1292 paradisiaca,
755 1240 802 1275 et
831 1232 887 1274 de
932 1231 991 1275 N
993 1233 1192 1273 icotiana
1242 1231 1451 1274 Tahacco

148 1295 380 1350 contingit
405 1325 416 1335 .

209 1352 254 1407 §.
313 1367 410 1410 197.
457 1351 740 1393 Tenerarum
794 1353 997 1410 partium
1052 1358 1298 1410 augmento
1350 1348 1454 1391 defi-

148 1412 326 1463 ciente,
358 1414 692 1454 incrementum
711 1412 889 1454 arboris
920 1414 1105 1453 minime
1138 1411 1313 1461 deficit,
1346 1426 1452 1451 cum

149 1471 402 1513 alburnum
429 1504 440 1523 ‚
473 1488 747 1530 gemmaeque
774 1475 1012 1514 annuatim
1042 1471 1323 1528 longitudini
1351 1503 1362 1521 ,
1409 1479 1454 1511 et

150 1531 388 1573 latitudini
418 1532 519 1587 ejus
552 1534 786 1589 suppetias
830 1531 1008 1573 ferant.
1040 1531 1167 1572 Num
1198 1544 1307 1572 vero
1362 1545 1455 1571 uno

151 1591 402 1648 eodemque
436 1599 664 1648 tempore,
688 1606 781 1648 quo
809 1590 986 1632 surculi
1007 1592 1212 1632 annotini
1245 1590 1455 1647 protrahi

148 1651 362 1693 desinunt
392 1653 438 1691 in
469 1652 656 1702 arbore,
691 1660 834 1693 cesset
865 1665 1052 1708 quoque
1077 1666 1207 1692 omne
1239 1665 1455 1707 augmen-

150 1720 250 1752 tum
281 1712 380 1766 ejus
411 1726 468 1752 ex
499 1710 698 1752 alburno
720 1744 731 1762 ‚
764 1711 812 1752 id
843 1711 1047 1752 nondum
1081 1711 1222 1768 probe
1249 1725 1453 1768 comper-

151 1779 250 1811 tum
275 1803 284 1812 .
317 1770 400 1812 Est
432 1779 582 1812 tamen
631 1773 748 1813 ratio
800 1771 959 1828 aliqua
984 1804 994 1821 ‚
1029 1786 1114 1811 eur
1149 1773 1450 1827 suspicemur,

149 1831 197 1872 id
226 1833 411 1873 minime
443 1832 705 1890 contingere
730 1864 743 1883 ,
776 1841 829 1874 ut
858 1830 950 1874 alio
981 1830 1084 1873 loeo
1117 1832 1374 1873 videbimus
1397 1864 1407 1873 .

561 1951 770 2010 Officium
801 1953 1000 1995 medullae
1033 1983 1043 1994 .

210 2071 256 2127 ς.
295 2074 391 2129 198.
418 2071 634 2114 Officium
657 2072 868 2114 medullae
903 2088 1076 2130 semper
1129 2072 1328 2113 solemne
1377 2070 1454 2112 ha-

154 2133 307 2174 bitum
337 2165 346 2174 .
399 2132 588 2175 Veteres
618 2133 732 2190 quid
785 2133 934 2175 simile
978 2132 1248 2174 animalium
1287 2132 1453 2182 cordi,

156 2200 201 2232 et
247 2193 436 2244 cerebro
487 2193 739 2235 medullam
790 2201 1014 2252 putarunt
1042 2207 1059 2234 .’
1086 2193 1316 2233 Immerito
1363 2207 1456 2232 cer-

161 2260 237 2302 te3
274 2268 380 2295 cum
426 2253 545 2295 nihil
578 2254 633 2295 de
673 2256 759 2305 iis,
815 2269 912 2312 quae
944 2253 1000 2294 ad
1045 2252 1313 2294 animalium
1340 2267 1419 2292 cor
1442 2284 1453 2301 ‚

155 2320 295 2371 atque
319 2315 561 2363 cerebrum
594 2316 824 2373 pertinent
847 2347 859 2367 ,
883 2315 1138 2373 reperiatur
1170 2315 1216 2355 in
1249 2312 1418 2371 plantis
1442 2344 1452 2353 .
