1669 2563
1300 146 1379 187 281

149 260 409 318 superiore3
440 256 544 297 ideo
576 253 740 295 subtus
770 263 994 299 convexa,
1026 248 1098 290 vel
1123 249 1324 292 carinata
1344 281 1355 300 ‚
1388 249 1449 291 si·

149 336 205 363 ve
232 317 402 376 angulo
432 309 758 370 longitndinali
786 311 1068 365 prominente
1099 310 1345 351 instructa.

209 378 422 426 Plicata,
455 375 632 415 sulcata
663 386 689 411 a
721 368 856 426 plicis
880 400 891 418 ‚
939 366 1173 423 sulcisque
1226 367 1451 410 alternan-

150 440 293 489 tibus,
324 434 486 476 multis
518 434 563 472 in
594 427 884 486 longitudine
924 424 1096 468 flabelli
1127 429 1269 468 instar
1298 460 1308 469 .

217 494 457 541 Undulata
477 524 488 543 ‚
520 504 618 548 quae
650 503 793 547 prope
823 489 1075 543 marginem
1129 500 1311 527 sursum
1332 517 1343 536 ,
1376 485 1451 526 de-

152 569 306 600 orsum
337 551 511 595 alterne
543 547 747 592 flexuosa
775 579 787 599 ,
825 544 1023 590 flexibus
1061 546 1271 587 concavis
1297 577 1308 596 ,
1340 559 1451 585 con-

153 617 378 670 vexisque
397 644 407 654 .

209 674 393 729 Crispa,
440 670 646 728 margine
693 670 793 726 ipso
849 664 984 725 plicis
1038 665 1227 707 minutis
1279 662 1456 705 crebris

151 732 378 776 undulato
401 752 424 774 ,⁷

210 793 468 851 Cylindrica
494 823 506 841 ‚
543 798 779 845 tetragona
808 802 834 829 a
872 784 1050 837 forma,
1095 783 1174 827 sed
1222 782 1313 827 haec
1365 796 1456 824 non

151 862 259 898 sunt
293 859 392 896 tota
426 850 571 895 farcta
595 882 606 901 ‚
635 856 718 892 aut
747 861 936 889 carnosa
955 878 964 888 .

211 912 449 956 Fistulosa
472 943 483 962 ,
515 913 641 954 intus
671 922 818 951 vacua
842 940 852 949 .

211 973 424 1016 Concava
446 1004 459 1022 ,
486 970 611 1015 disco
638 969 850 1026 depressa
869 999 880 1017 ‚
922 973 977 1008 ut
1006 979 1164 1022 margo
1196 965 1254 1006 sit
1284 961 1422 1005 altior
1448 994 1456 1002 .

221 1032 494 1077 Umbilicata
515 1063 529 1081 0
561 1033 608 1074 in
640 1036 797 1071 centro
828 1027 942 1069 disci
974 1023 1283 1068 scrobiculata
1306 1055 1317 1065 .

213 1093 430 1137 convexa
453 1123 466 1142 ,
499 1091 625 1135 diseo
658 1088 838 1132 elevata
872 1101 1012 1144 supra
1042 1087 1324 1142 marginem.

217 1153 463 1197 cucullata
492 1183 504 1202 ,
532 1165 629 1210 quae
661 1149 762 1196 basi
801 1148 1046 1191 connivent
1090 1144 1314 1188 lateribus
1339 1174 1351 1193 ‚
1383 1155 1463 1184 su-

156 1229 296 1272 perne
329 1211 582 1256 dilatantur
607 1243 619 1253 .

218 1272 569 1317 Membranacea
592 1303 603 1323 ,
652 1268 776 1312 sacta
829 1267 1084 1312 substantia
1135 1266 1184 1307 in
1239 1262 1460 1306 laminam

158 1342 345 1376 tenuem
364 1365 377 1384 ,
409 1331 556 1374 levem
573 1364 586 1382 ‚
618 1328 818 1372 flexilem
850 1342 1047 1386 expansa
1066 1358 1076 1368 .

218 1393 467 1450 Compacta
490 1424 502 1444 ,
533 1394 735 1434 coriacea
762 1423 774 1440 ‚
803 1387 926 1430 facta
958 1385 1214 1431 substantia
1244 1383 1294 1424 in
1328 1381 1461 1424 lami·

161 1469 270 1497 nam
301 1467 497 1495 crassam
521 1483 539 1509 ‚⁹
570 1460 773 1495 tenacem
804 1447 998 1490 dilatata
1025 1477 1036 1488 .

221 1513 444 1565 carnosa,
466 1525 650 1555 succosa
659 1543 671 1563 ,
698 1510 901 1568 pulposa
921 1523 948 1551 a
969 1503 1324 1567 parenchymate
1345 1499 1464 1543 mul-

158 1580 208 1616 to
226 1606 238 1625 ‚
273 1574 399 1615 succi
430 1571 566 1630 pleno
593 1605 604 1614 .

228 1633 407 1675 Teretia
433 1665 445 1683 ,
475 1633 736 1675 semiteretia
759 1662 770 1681 ‚
818 1631 1035 1687 triquetra
1084 1641 1112 1668 a
1159 1623 1339 1673 forma,
1390 1620 1468 1664 sed

160 1693 253 1736 haec
285 1700 392 1736 sunt
422 1707 611 1736 carnosa
630 1725 641 1744 ,
689 1690 863 1735 solida.

220 1753 454 1811 Depressa
480 1786 491 1804 ‚
523 1767 716 1795 carnosa
743 1784 754 1804 ,
786 1751 913 1793 disco
937 1782 949 1801 ,
981 1747 1125 1805 magis
1154 1758 1295 1803 quam
1346 1740 1463 1784 late-

160 1815 292 1857 ribus
317 1846 329 1867 ,
361 1827 621 1871 compressa
644 1845 654 1854 .

218 1873 482 1931 Compressa
504 1906 516 1925 ‚
548 1886 739 1916 carnosa
764 1904 776 1923 ,
821 1870 948 1914 disco
986 1866 1166 1911 elevato
1189 1898 1202 1917 ,
1234 1862 1463 1906 lateribus

161 1934 466 1992 complanatis
485 1967 495 1976 .

223 1993 570 2052 Linguaeformia
587 2025 599 2045 ,
630 2006 819 2035 carnosa
837 2023 849 2042 ‚
881 1989 1110 2047 depressa,
1136 1984 1274 2044 longa
1299 2017 1310 2036 ,
1343 1997 1468 2041 aeque

163 2052 260 2096 fere
297 2053 391 2096 lata
410 2087 422 2106 ,
453 2055 552 2098 basi
585 2055 807 2095 crassiora
832 2084 843 2103 ‚
876 2052 1004 2109 apice
1036 2046 1282 2090 rotundata
1305 2077 1317 2096 ‚
1350 2052 1469 2086 atte-

164 2121 306 2155 nuata
333 2146 344 2156 .

189 2210 193 2213 .
225 2173 574 2231 Acinaciformia
594 2207 604 2224 ,
635 2186 824 2214 carnosa
845 2204 856 2222 ‚
888 2170 1025 2228 longa
1047 2201 1058 2219 ,
1090 2166 1237 2209 altero
1268 2164 1471 2221 margine

166 2236 386 2276 crassiore
413 2267 424 2284 ‚
471 2232 751 2277 rectiusculo
779 2265 789 2282 ,
846 2230 1021 2290 plano,
1067 2227 1213 2270 altero
1259 2232 1470 2267 attenua-

172 2303 219 2337 to
247 2328 257 2346 ‚
292 2309 436 2337 curvo
465 2328 474 2337 .
