1669 2563
1316 225 1371 269 99

137 311 187 353 in
235 309 334 366 ejus
383 315 512 367 parte
559 308 785 365 superiori
837 314 1015 352 tantum
1059 313 1289 369 gignitur,
1322 319 1431 373 quia

137 385 302 412 succus
333 370 546 428 proprius
570 366 770 425 amplius
821 371 981 426 nequit
1001 370 1057 412 ad
1082 372 1299 414 inferiora
1325 372 1431 431 per-

135 433 326 478 venire;
356 431 447 469 imo
477 426 550 469 vel
582 427 655 469 hic
687 426 777 471 loci
811 429 1015 471 subsidet
1045 433 1091 472 in
1128 435 1387 476 tumoribus
1418 468 1429 485 ,

135 489 211 531 vel
243 487 394 530 refluit
424 488 471 527 in
502 486 725 538 fructum,
758 503 895 545 quem
925 493 1062 533 citius
1095 490 1152 532 ad
1190 496 1431 534 maturita-

134 555 228 590 tem
257 546 468 605 perducit
492 579 501 588 .
535 547 629 588 Hac
661 550 949 605 potissimum
980 552 1154 592 ratione
1193 550 1432 595 Buffouius

133 623 215 650 nos
244 607 428 657 docuit,
460 607 646 648 arbores
677 606 815 664 paulo
848 617 969 661 ante,
1001 625 1140 667 quam
1170 611 1396 652 credantur
1420 645 1431 662 ,

133 681 226 709 esse
255 668 425 709 cortice
457 666 767 721 denudandas,
800 677 880 720 ut,
914 684 1048 713 succo
1083 672 1268 728 proprio
1309 670 1433 712 abla-

133 733 212 777 to,
242 741 452 783 novoque
484 725 608 784 ligno
647 727 880 785 prohibito
902 761 913 780 ,
969 729 1148 788 lignum
1199 732 1435 788 antiquius

130 788 275 843 magis
319 788 559 844 magisque
591 786 828 830 durescat.
861 788 1069 832 Vulnera
1096 823 1107 842 ,
1140 805 1235 848 quae
1267 793 1313 832 in
1358 806 1433 832 ar-

129 845 255 889 boris
284 848 454 888 cortice
484 849 772 905 contingunt,
804 863 831 890 a
860 852 1063 907 margine
1094 865 1253 892 eorum
1298 866 1434 909 supe-

131 908 245 949 riori
275 908 538 948 cicatricem
568 907 737 949 ducere
770 918 993 967 perpetuo
1025 912 1254 968 incipiunt
1279 943 1289 952 .

187 965 234 1022 §.
266 968 368 1008 310.
401 966 450 1008 Si
480 981 588 1009 vero
620 968 862 1011 Mirbelius
894 985 1128 1027 gummoso
1151 969 1223 1011 illi
1246 968 1430 1021 cambio,

127 1025 255 1084 quod
287 1025 489 1085 paucula
519 1027 618 1068 dosi
651 1043 706 1070 ex
738 1028 916 1071 lentore
948 1031 1047 1086 ejus
1101 1031 1365 1075 observavit
1386 1033 1432 1072 in

130 1088 366 1143 superiore
398 1094 526 1144 parte
572 1087 810 1139 vulneris,
866 1091 1090 1131 innitatur
1115 1123 1126 1141 ,
1158 1097 1212 1132 ut
1265 1099 1430 1132 cuncta

129 1145 437 1202 phaenomena,
484 1146 540 1188 de
588 1149 760 1204 quibus
790 1163 910 1190 nunc
960 1152 1166 1209 egimus,
1198 1149 1432 1209 explicare

129 1213 328 1262 satagat,
359 1220 439 1247 nos
470 1206 524 1247 de
554 1209 705 1249 verbis
737 1223 827 1249 non
857 1209 1334 1266 disputabimus,cum
1366 1210 1430 1260 id,

128 1266 254 1324 quod
271 1265 402 1307 nobis
432 1280 595 1308 succus
614 1270 826 1324 proprius
842 1276 923 1319 est,
947 1268 1063 1310 forte
1087 1284 1192 1312 cum
1232 1270 1433 1327 paucula

128 1324 325 1382 lymphae
350 1326 630 1368 ascendentis
670 1327 768 1369 dosi
793 1332 1067 1370 commixtus
1091 1361 1102 1379 ,
1129 1328 1198 1369 illi
1219 1329 1434 1371 cambium

128 1385 311 1435 audiat,
344 1393 392 1425 at
421 1385 652 1436 cambium,
685 1387 810 1442 quod
842 1403 868 1427 a
900 1389 1218 1446 superioribus
1268 1388 1323 1430 ad.
1368 1392 1435 1430 iu-

127 1442 301 1485 feriora
332 1445 566 1486 contendit
588 1478 598 1487 .
632 1445 943 1497 Quamobrem
990 1448 1192 1491 Mirbelii
1225 1447 1434 1491 doctrina

128 1503 183 1544 de
216 1510 347 1544 motu
379 1507 505 1545 succi
537 1506 584 1544 in
618 1504 785 1561 plantis
808 1513 905 1546 tota
935 1507 1153 1557 concidit,
1188 1515 1233 1547 et
1262 1510 1434 1548 circui-

126 1570 202 1604 tus
231 1562 454 1614 humoris,
481 1578 617 1620 quem
668 1579 773 1605 cum
824 1567 1116 1623 gravioribus
1148 1565 1433 1625 physiologis

127 1625 338 1680 superius
376 1622 726 1680 perhibuimus,
759 1623 813 1665 de
857 1623 943 1666 illa
976 1623 1250 1682 triumphat.

186 1683 230 1741 ς.
263 1684 362 1724 311.
396 1683 486 1735 Qui
534 1683 721 1740 quidem
770 1683 1088 1727 circui-ationis
1149 1686 1312 1728 modus
1370 1688 1434 1728 ita

124 1745 380 1799 contingit,
412 1751 466 1784 ut
497 1751 592 1785 tota
625 1743 820 1801 lymphae
851 1748 1053 1787 ascensio
1085 1759 1190 1786 vere
1212 1777 1224 1796 ,
1246 1745 1433 1787 descen-

126 1803 191 1844 sio
223 1810 377 1844 autem
402 1804 460 1845 ob
486 1806 609 1846 succi
637 1806 810 1861 proprii
837 1803 1059 1846 lentorem
1090 1821 1115 1847 a
1139 1819 1246 1846 vere
1278 1805 1358 1847 diu
1387 1809 1432 1848 in

125 1869 321 1905 aestatem
371 1863 666 1921 protrahatur
693 1881 704 1914 ;
751 1879 777 1905 a
822 1879 915 1921 quo
966 1864 1084 1907 forte
1135 1863 1212 1916 fit,
1247 1874 1298 1906 ut
1349 1881 1434 1906 au·-

159 1931 363 1967 mentum
399 1924 579 1965 arboris
609 1938 663 1964 ex
695 1922 881 1966 alburni
909 1928 1058 1982 genesi
1109 1925 1286 1966 diutius
1330 1942 1435 1983 per-

162 1990 292 2034 uret,
339 1998 478 2040 quam
530 1987 779 2045 protractio
828 1986 926 2041 ejus
956 2001 1012 2027 ex
1043 1985 1305 2027 evolutione
1333 2001 1434 2026 sur-

127 2040 340 2084 culorum
369 2045 718 2087 annotinorum.
751 2044 851 2085 Haec
885 2048 1035 2088 omnia
1065 2045 1273 2103 agricolae
1291 2047 1433 2104 probe

129 2110 298 2142 norunt
321 2134 333 2152 ,
363 2111 408 2144 et
436 2103 560 2146 hisce
592 2106 701 2161 ipsis
732 2107 1018 2161 temporibus
1051 2120 1174 2164 aeque
1230 2114 1430 2147 utuntur

129 2161 187 2201 ad
213 2163 444 2204 insitiones
482 2164 702 2206 arborum
737 2165 1016 2222 peragendas
1036 2198 1046 2208 .
1472 2170 1478 2173 ”

190 2220 235 2278 §.
268 2223 368 2263 312.
401 2222 546 2280 Igitur
581 2238 744 2265 succus
800 2227 1016 2283 proprius
1037 2258 1047 2276 ,
1079 2233 1135 2267 ut
1181 2224 1428 2281 Malpighii

128 2281 279 2322 verbis
311 2289 411 2322 utar
435 2313 447 2332 ,
478 2297 585 2324 cum
617 2284 877 2326 substantiae
908 2285 1113 2335 modum,
1136 2293 1181 2326 et
1217 2286 1428 2341 proprie-

131 2347 246 2382 tates
303 2338 437 2398 longe
498 2341 796 2400 perfectiores
848 2344 1018 2388 habere
1066 2345 1278 2387 videatur
1316 2375 1327 2393 ,
1374 2358 1428 2384 ac
