1669 2563
1262 141 1342 196 193

168 243 396 302 Integrum
425 275 438 293 ,
488 243 806 297 emarginatum
830 272 841 291 ‚
895 240 1123 283 dentatum
1147 274 1158 292 ‚
1203 243 1362 298 fissum
1390 276 1401 293 ‚

105 308 318 361 partitum
349 319 375 344 a
406 302 663 343 conditione
695 302 838 357 apicis
861 332 872 350 ‚
906 307 951 341 et
980 301 1199 342 divisione
1222 334 1234 343 .
1280 302 1406 343 Den-

107 370 174 407 tes
198 397 210 416 ‚
241 364 575 418 divisionesque
598 367 899 402 numerantur
929 392 942 410 ,
970 368 1025 400 ut
1054 362 1103 400 in
1133 360 1236 403 aliis
1267 364 1406 418 parti-

105 424 194 466 hus
222 455 232 465 .

166 480 489 525 Glandulosum
510 511 522 531 ,
556 480 768 520 viscosum
795 511 806 530 ,
839 493 946 520 cum
998 485 1181 520 externe
1218 477 1405 535 adsper-

109 556 208 584 sum
238 539 463 583 folliculis
493 540 692 580 minimis
723 538 999 597 pellucidiS‚
1033 538 1273 580 humorem
1305 538 1406 596 glu-

105 604 305 644 tinosum
335 598 634 640 fundentibus
657 632 667 641 .

163 660 413 702 Pubescens
441 691 452 711 ,
488 657 717 700 barbatum
746 673 772 699 a
800 657 927 700 villis
957 658 1252 701 brevioribus
1277 689 1289 708 ,
1329 655 1405 699 vel

105 719 423 777 longioribus,
456 733 571 777 quos
603 721 721 776 gerit
753 721 801 759 in
830 719 964 760 dorso
989 750 999 760 .

103 779 259 825 Limbi
292 778 470 821 labium
515 777 707 820 inferius
738 786 806 820 est

160 838 364 897 Longius
388 871 400 890 ‚
433 839 600 880 brevius
632 839 749 881 labio
781 841 1004 896 superiore
1025 870 1034 880 .

159 899 419 942 Por-rectum
446 931 458 950 ‚
491 907 729 941 extensum
757 932 767 950 ‚
798 897 1082 941 horizontale
1106 930 1116 940 .

159 959 434 1017 Dependens
462 991 474 1009 ‚
521 959 727 1015 reflexum
770 959 890 1001 infra
935 958 1106 1000 lineam
1140 956 1405 1005 horizonta-

104 1018 197 1061 lem
224 1052 234 1061 .

159 1078 386 1135 Inflexum
416 1077 595 1120 faucem
627 1077 807 1120 corollae
838 1093 998 1120 versus
1018 1110 1027 1119 .

163 1138 357 1181 Planum
389 1137 625 1196 superficie
659 1137 846 1195 aequali.
880 1138 986 1181 Ideo
1018 1152 1284 1189 concavum,
1306 1151 1407 1180 sac-

102 1207 251 1240 catum
276 1231 286 1250 ‚
319 1214 424 1240 cum
456 1197 718 1256 superficies
744 1200 791 1239 in
821 1199 970 1240 medio
1004 1198 1213 1255 depressa
1241 1230 1250 1239 .

162 1258 499 1314 Eznarginatum
528 1291 538 1308 ‚
571 1274 677 1300 cum
710 1258 872 1299 leviter
905 1267 1177 1299 excavatum
1209 1260 1255 1298 in
1279 1271 1400 1299 mar-

102 1321 206 1375 gine
238 1319 387 1360 medio
415 1351 426 1369 ,
459 1321 551 1360 sive
577 1334 710 1360 crena
742 1321 878 1358 unica
914 1320 960 1358 in
992 1321 1117 1374 apice
1138 1351 1147 1359 .

161 1378 402 1430 Bilobum,
437 1378 639 1420 trilobum
665 1411 675 1428 ,
709 1378 909 1419 divisum
941 1381 1143 1434 margine
1197 1380 1243 1418 in
1299 1392 1401 1435 par-

102 1446 169 1478 tes
202 1439 472 1481 rotundatas
502 1470 513 1489 ,
546 1440 662 1479 inter
696 1453 741 1479 se
773 1452 816 1479 se
862 1440 964 1479 sinu
1014 1437 1286 1478 intermedio
1337 1437 1404 1477 di-

107 1506 277 1541 stantes
305 1530 315 1539 .

160 1557 492 1613 Integerrimum
518 1590 529 1608 ,
573 1571 740 1599 erosum
773 1588 785 1607 ,
833 1564 1057 1598 crenatum
1080 1589 1091 1607 ‚
1139 1558 1366 1598 dentatum
1395 1589 1405 1606 ‚

100 1617 218 1660 idest
261 1621 484 1659 intactum
530 1620 733 1674 margine
760 1649 771 1667 ,
810 1616 885 1658 vel
937 1615 1140 1657 lacerum
1168 1648 1178 1666 ‚
1213 1615 1285 1657 vel
1338 1620 1408 1656 in-

101 1680 266 1719 cisuris
298 1680 450 1736 parvis
501 1679 676 1720 obtusis
704 1710 715 1728 ,
754 1685 836 1719 aut
880 1680 1026 1719 acutis
1052 1710 1063 1729 ,
1107 1677 1408 1735 approxima-

102 1740 160 1780 tis
191 1738 457 1779 distinctum
487 1771 496 1780 .

160 1797 446 1840 Maculatum
497 1800 545 1839 in
590 1805 718 1857 parte
769 1798 1039 1855 superiori,
1086 1812 1182 1855 quae
1213 1804 1405 1839 vocatur

98 1868 260 1915 pectus
287 1891 298 1901 .

103 1918 156 1961 In
186 1917 361 1959 corolla
392 1916 619 1976 lingulata
649 1916 829 1975 lingula
855 1950 866 1969 ,
899 1919 991 1959 sive
1022 1916 1171 1975 ligula
1201 1917 1373 1958 dicitur

163 1976 366 2019 Linearis
389 2010 402 2029 ‚
435 1993 542 2020 cum
572 1979 629 2020 ab
662 1980 754 2019 imo
786 1978 843 2019 ad
877 1993 1108 2021 summum
1158 1992 1282 2036 aeque
1327 1993 1410 2019 an-

109 2046 244 2095 gusta
276 2070 287 2079 .

164 2096 317 2140 Ovata
338 2130 350 2150 ,
383 2097 574 2154 oblonga
603 2130 613 2147 ‚
645 2098 896 2140 lanceolata
928 2114 954 2140 a
986 2097 1132 2140 forma
1180 2099 1254 2139 ovi
1300 2096 1407 2154 plus

103 2159 252 2201 minus
282 2157 505 2215 producta
529 2191 540 2209 ,
572 2158 646 2199 vel
679 2175 704 2200 a
735 2157 883 2200 forma
914 2158 1126 2201 lanceolae
1146 2191 1156 2200 .

163 2216 450 2273 Integerrima
470 2249 485 2270 ,
514 2220 697 2260 dentata
716 2251 727 2268 ‚
766 2218 883 2273 fissa
926 2221 1056 2277 apice
1077 2251 1087 2261 .
1121 2219 1290 2260 Dentes
1315 2249 1326 2267 ,
1360 2222 1406 2257 et

104 2276 276 2320 laciniae
303 2292 411 2335 saepe
443 2288 740 2321 numerantur
765 2310 774 2320 .

656 2340 671 2357 ³
1118 2340 1166 2380 13
