1669 2563
254 144 279 184 3

196 245 334 305 paulo
384 246 622 289 obscurius
646 278 657 297 ‚
689 246 770 288 ubi
815 244 1017 288 hiulcam
1050 258 1258 285 vasorum
1287 243 1475 300 superfi-

193 310 306 364 ciem
328 307 566 364 descripsit
590 340 598 348 .
632 305 932 349 Luculentius
953 320 1058 347 vero
1081 319 1154 346 eas
1175 303 1472 345 ostenderunt

195 366 434 409 Mirbelius
460 400 470 417 ,
505 365 797 424 Sprengelius
821 399 831 415 ‚
865 365 1082 407 Linckius
1107 396 1116 405 .

253 427 296 482 ς.
330 429 402 468 30.
439 426 596 469 Falsas
632 425 838 468 tracheas
867 422 1270 468 constrictionibus
1304 424 1474 479 pariter

194 502 286 528 6556
319 487 561 536 obnoxias,
594 485 724 526 nullo
747 487 868 526 intus
908 484 1265 541 diaphragmate,
1289 481 1476 524 Lincki-

195 561 248 587 us
280 547 449 596 hahet3
482 561 582 587 mea
611 554 763 586 autem
797 547 1014 587 sententia
1060 549 1477 601 praemonstraverat

196 605 476 663 Malpighius
505 605 638 647 Anat.
671 604 813 663 plant.
837 605 929 646 tab.
962 604 1004 645 6.
1027 602 1057 644 f.
1094 605 1164 645 23.
1188 605 1257 656 24.
1279 634 1290 652 ,
1313 617 1475 659 quam·-

197 667 262 706 vis
296 681 369 707 eas
400 665 615 707 hahuerit
644 680 726 722 pro
759 664 953 707 tracheis
984 664 1102 704 veris
1124 694 1133 703 .

253 725 297 779 ᾗ.
333 727 402 767 31.
436 725 652 782 Denique
682 724 996 767 Dutrochetus
1027 728 1179 763 monet
1225 735 1331 764 vasa
1385 720 1474 763 haec

191 785 306 825 inter
338 783 551 826 lineolam
572 816 582 834 ‚
605 792 649 825 et
673 783 887 826 lineolam
912 790 1079 826 scatere
1103 782 1283 839 punctis
1304 782 1478 837 promi-

194 843 316 885 nulis
339 877 350 894 ,
383 859 479 902 quae
499 859 624 886 more
656 859 737 885 suo
770 851 901 902 putat
933 858 1026 884 esse
1071 840 1345 899 corpuscula
1374 855 1478 881 ner-

193 919 273 944 vea
296 935 306 945 .
338 904 408 945 An
448 918 556 945 vero
581 905 670 945 Sint
700 912 868 960 puncta
893 901 1090 960 porifera
1109 933 1120 953 ,
1150 916 1207 942 an
1231 915 1371 958 grana
1395 901 1476 941 mi-

192 965 312 1003 nima
344 964 602 1006 substantiae
632 963 916 1020 vegetabilis,
948 964 1171 1004 incertum
1193 993 1203 1002 .

250 1023 293 1077 §.
327 1025 397 1065 32.
435 1023 638 1066 Traclzea
653 1026 836 1079 proprie
877 1024 998 1064 dicta
1048 1028 1226 1064 constat
1279 1017 1475 1061 lamella

196 1091 388 1139 angusta
409 1116 420 1133 ‚
458 1084 597 1140 spissa
620 1115 631 1132 ,
664 1082 770 1139 plus
798 1084 949 1124 minus
1000 1080 1168 1124 elatere
1201 1080 1368 1121 donata
1392 1112 1402 1131 ,
1426 1081 1474 1119 in

194 1145 359 1197 spiram
392 1151 515 1184 arcte
545 1141 807 1194 convoluta,
833 1142 945 1184 adeo
967 1149 1018 1182 ut
1038 1156 1116 1182 vas
1148 1141 1321 1181 oriatur
1352 1139 1476 1179 intus

192 1216 405 1252 vacuum,
432 1209 555 1244 recta
569 1202 795 1253 incedens,
817 1201 1184 1244 extremitatibus
1203 1203 1295 1241 suis
1316 1200 1474 1241 abiens

189 1263 237 1300 in
268 1260 537 1303 cellularem
571 1268 749 1302 textum
769 1293 780 1313 ,
815 1263 850 1301 si
882 1259 989 1301 fides
1021 1257 1235 1301 Mirbelio
1261 1290 1272 1308 ,
1306 1274 1329 1299 6
1361 1272 1474 1300 con-

190 1330 259 1361 tra
290 1321 344 1361 de
381 1322 598 1362 sententia
634 1320 910 1362 Dutroeheti
953 1321 1170 1375 utrinque
1192 1317 1397 1358 desinens
1428 1320 1473 1357 in

190 1395 268 1420 vas
300 1383 511 1422 conicum
536 1413 547 1431 ‚
579 1379 805 1439 longeque
838 1381 1151 1422 acuminatum
1175 1409 1186 1419 .
1218 1377 1332 1434 Ejus
1379 1379 1471 1433 spi-

190 1455 243 1480 rae
274 1440 496 1483 ‹listractae
528 1439 664 1482 facile
696 1439 912 1482 secedunt
932 1471 943 1489 ,
976 1447 1023 1480 at
1073 1438 1258 1479 sibimet
1305 1436 1471 1479 relictae

190 1502 341 1540 Statim
375 1501 567 1542 redeunt
596 1501 643 1540 in
673 1496 828 1541 locum
860 1513 995 1539 suum
1022 1530 1032 1538 .

249 1559 293 1613 ξ.
327 1559 398 1600 35.
435 1559 764 1615 Hujuscemodi
815 1573 921 1599 vasa
973 1557 1147 1598 detexit
1171 1554 1469 1613 Malpighiuffi

186 1632 275 1658 non
309 1618 513 1660 Grewius
536 1650 548 1669 ,
580 1626 634 1658 ut
664 1617 844 1660 mavult
889 1617 1107 1659 Linckius
1131 1649 1140 1657 .
1189 1615 1471 1673 Malpighius

186 1680 307 1718 enim
340 1678 394 1719 de
424 1680 482 1719 iis
515 1676 723 1734 loquitur
755 1680 801 1718 in
833 1693 915 1720 sua
945 1676 1186 1719 Anatomes
1206 1677 1472 1732 plantarum

185 1739 283 1778 idea
313 1738 403 1791 jam
432 1738 491 1779 ab
521 1752 639 1778 anno
677 1737 800 1793 1671.
847 1737 904 1778 ad
955 1737 1228 1779 Societatem
1278 1735 1467 1793 Regiam

186 1797 514 1839 Londinensem
543 1799 677 1839 missa
703 1830 715 1848 ‚
747 1797 857 1839 dum
889 1797 1095 1839 Grewius
1125 1795 1356 1838 deiisdem
1377 1799 1471 1853 egit

185 1859 231 1897 in
263 1872 345 1898 sua
373 1856 487 1899 Idea
515 1856 705 1900 historiae
750 1858 1047 1915 phytologicae
1067 1889 1084 1909 ,
1133 1870 1272 1914 quam
1320 1856 1468 1898 eidem

186 1917 402 1959 Societati
446 1916 619 1959 obtulit
649 1932 765 1958 anno
804 1917 927 1974 1672.
959 1918 1172 1970 Quinimo
1216 1919 1312 1973 ipse
1360 1915 1469 1958 Gre-

185 1979 297 2018 wius
331 1975 634 2034 Malpighium
674 1977 959 2019 trachearum
991 1977 1266 2019 detectorem
1297 1974 1467 2017 fatetur

183 2052 277 2078 esse
301 2069 311 2087 ‚
336 2046 382 2078 et
405 2036 727 2094 Malpighianis
754 2038 904 2080 verbis
930 2039 1077 2079 utitur
1110 2040 1155 2079 in
1177 2035 1371 2079 tracheis
1390 2036 1469 2078 de-

185 2097 436 2139 scribendis
468 2128 478 2138 .

242 2156 286 2211 §.
322 2158 393 2210 34.
427 2156 572 2198 Tanta
601 2164 668 2198 est
702 2157 990 2200 trachearum
1037 2158 1237 2199 tenuitas
1262 2189 1272 2206 ,
1306 2163 1358 2196 ut
1404 2155 1467 2198 hee

183 2219 327 2273 magis
366 2219 485 2258 vitro
512 2249 523 2268 ‚
551 2232 687 2274 quam
725 2217 872 2260 oculis
920 2218 1055 2259 nudis
1096 2217 1245 2276 detegi
1278 2218 1464 2273 possint.

183 2275 389 2319 Lamella
417 2310 427 2328 ,
457 2292 554 2336 quae
571 2276 675 2320 illas
701 2277 908 2320 efformat
935 2312 945 2329 ,
972 2294 1090 2321 nunc
1115 2276 1463 2336 simplic-issum,
