1669 2563
185 181 238 237 78

124 299 247 334 cum,
279 283 434 340 digitis
455 298 588 341 super
612 283 746 327 illum
769 287 1162 342 percurrentibus,
1181 288 1430 346 crispetur.

181 344 226 399 §.
253 345 351 384 258.
384 343 593 396 Quaedam
625 345 786 403 plantae
818 359 900 402 pro
948 348 1127 389 cirratis
1172 350 1433 405 appendici-

126 404 214 444 bus
245 403 392 444 veluti
424 405 470 444 in
500 419 660 448 manus
691 405 1016 462 expanduntur
1047 439 1058 457 ,
1093 416 1174 448 aut
1216 411 1264 449 in
1295 408 1433 453 fibras

128 464 361 505 radicibus
393 464 563 506 similes
581 500 592 518 ‚
625 465 903 524 papillisque
935 466 1183 518 obductas,
1207 483 1233 509 a
1259 470 1432 526 quibus

127 523 287 579 gluten
313 527 585 578 secernitur,
618 527 751 581 cujus
784 540 867 582 ope
893 527 997 582 ipsae
1023 525 1184 583 plantae
1207 532 1431 584 proximis

127 585 400 640 corporibus
446 585 671 627 adhaerent
698 619 709 637 ‚
755 584 968 642 exemplo
1004 586 1120 629 Cissi
1173 591 1391 642 vitigineae
1421 623 1432 642 ,

128 643 314 685 Hederae
341 643 552 698 Helicis,
576 646 762 688 Hederae
787 654 1030 702 poetaram
1083 648 1163 704 (Ὀ,
1229 649 1275 694 V
1272 651 1428 693 anillae

124 704 402 761 planzfoliae,
435 704 770 764 Licszenumque
792 738 803 749 .

1216 833 1418 844 —————‘

174 904 229 947 (*)
273 905 432 939 Henna
471 916 653 949 poetarum
673 923 680 941 :
703 907 800 941 foliis
826 905 1137 941 rhombeo-ovatis
1154 932 1164 950 ,
1188 908 1434 946 acuminati33

136 950 257 984 baccis
279 953 453 996 globosis,
480 954 682 997 depressis5
709 955 802 993 stylo
825 952 1017 986 subnullo.

173 997 218 1030 H.
245 998 485 1044 chrysocarpa
512 1000 639 1033 lVatslz
661 1007 695 1033 in
725 1000 853 1035 Trans.
878 1000 922 1042 of
941 1003 996 1032 the
1017 1000 1213 1033 Iler-ciculi.
1231 999 1313 1034 Soc.
1336 1001 1372 1034 6.
1398 1013 1430 1037 ι.

223 1057 313 1087 pag.
339 1044 399 1076 32.

179 1088 225 1121 H.
250 1089 355 1122 Helix
381 1091 408 1131 β
430 1090 494 1134 Sp.
514 1094 568 1133 pl.
589 1104 671 1138 292.

177 1134 222 1165 H.
250 1137 388 1178 poetica
418 1138 461 1170 C.
491 1137 533 1170 B.
559 1139 600 1171 P.
628 1139 710 1172 305.
1262 1149 1266 1154 ”

175 1180 220 1212 H.
246 1181 439 1226 Dionysias
467 1183 716 1230 Dalechampii
737 1184 859 1229 Lugd.
886 1186 971 1217 hist.
998 1195 1032 1217 2.
1055 1195 1091 1227 p.
1115 1184 1214 1228 1419.
1231 1185 1347 1229 quoad
1370 1185 1434 1217 de-

260 1233 485 1271 scriptionem
505 1254 514 1262 .

175 1271 267 1305 Arb.
294 1288 324 1305 ν.
348 1287 377 1307 s.
413 1275 582 1307 Nascitur
618 1275 957 1320 Constantinopoli,
975 1275 1011 1308 in
1035 1275 1178 1308 Graecia
1195 1300 1203 1315 ,
1228 1284 1262 1308 et
1285 1277 1321 1309 in
1345 1276 1437 1309 Cor-

130 1328 216 1361 cyra
235 1319 348 1351 insula
372 1322 477 1353 maris
502 1322 623 1356 Jonici
643 1347 650 1362 ‚
673 1334 715 1354 ex
739 1334 810 1368 quo
833 1322 1026 1356 novissimo
1046 1323 1127 1356 loco
1150 1322 1294 1365 attulit,
1318 1331 1352 1356 et
1374 1323 1436 1356 be·

131 1365 257 1396 nevole
284 1366 381 1398 dedit
401 1366 590 1400 'l'albotius
614 1371 764 1402 eximius
780 1393 788 1402 .

177 1409 217 1442 ln
241 1411 305 1445 hac
333 1413 422 1445 radii
445 1416 683 1448 umbellarum
713 1416 903 1461 longiores,
923 1422 956 1448 et
979 1413 1099 1447 baccae
1124 1414 1234 1460 duplo
1253 1414 1407 1460 majores
1424 1439 1432 1455 ,

131 1468 238 1499 quam
268 1459 302 1490 in
325 1459 467 1492 Hedera
490 1462 612 1494 Helice
636 1463 678 1493 L.
708 1463 885 1495 Caeterum
914 1461 1032 1493 baccae
1056 1462 1176 1505 stirpis
1204 1471 1333 1495 nostrae
1353 1470 1436 1493 sunt

130 1503 298 1548 globosae,
318 1516 423 1549 supra
445 1509 863 1552 umbilicum-depressae,
881 1508 1042 1551 stigmate
1064 1507 1232 1539 subnullo
1256 1509 1291 1539 in
1311 1517 1436 1540 centro

133 1550 318 1590 umbilici,
347 1561 489 1585 maturae
516 1555 647 1586 coloris
671 1556 796 1586 aurei.
822 1556 869 1585 At
892 1554 1011 1585 baccae
1034 1554 1182 1586 Hederoe
1204 1553 1339 1585 Helicis
1380 1553 1430 1588 L.

132 1604 213 1626 sunt
238 1597 655 1644 subrotundo-tiigonae,
679 1610 824 1633 maturae
845 1600 955 1645 nigrae
970 1624 980 1641 ‚
997 1601 1090 1644 stylo
1112 1600 1340 1644 longiusculo
1358 1611 1438 1645 per-

129 1649 276 1674 sistente
301 1651 497 1678 terminatae
519 1669 529 1678 .

180 1687 308 1720 Nostra
332 1690 406 1722 haec
432 1701 483 1722 est
506 1691 660 1733 hedera,
685 1704 753 1738 qua
775 1692 863 1726 olim
886 1691 1154 1727 coronabantur
1174 1701 1286 1738 poetae
1303 1716 1313 1734 ‚
1338 1692 1435 1726 unde

134 1731 369 1768 Horatianutn
397 1735 484 1769 illud
510 1737 574 1770 lib.
603 1751 631 1773 ι.
658 1740 730 1773 od.
761 1752 790 1773 ι.

392 1783 583 1816 Daciarum
625 1786 773 1819 Hederae
805 1788 953 1830 proemia
971 1785 1180 1827 frontium.

180 1824 292 1869 Igitur
313 1831 562 1875 quodcumque
586 1843 715 1865 nomen
741 1833 947 1878 specilicum
969 1841 1068 1864 tanto
1088 1831 1238 1863 Hederoe
1251 1839 1434 1874 poetarum

134 1873 271 1904 nomini
296 1874 398 1907 cedat
422 1887 565 1909 necesse
588 1888 662 1911 est.
697 1880 899 1923 Descriptio
930 1879 966 1910 in
1004 1877 1161 1910 Historia
1200 1878 1436 1922 Lugdunensi

135 1918 178 1948 ad
203 1919 292 1952 hanc
315 1930 410 1953 certe
437 1925 616 1967 pertinet;
639 1925 699 1957 sed
723 1927 833 1970 figura
856 1925 905 1958 ibi
928 1923 1068 1968 depicta
1086 1947 1094 1961 ,
1118 1936 1197 1957 cum
1237 1925 1431 1957 umbellam

132 1973 367 2006 contractam,
399 1977 433 2000 et
455 1969 582 2002 baccas
607 1972 710 2004 nimis
733 1983 856 2017 parvas
881 1971 1057 2010 exhibeat,
1079 1971 1252 2003 Hederam
1275 1971 1432 2003 Helicem

134 2020 328 2044 nostratem
353 2013 485 2047 referre
508 2017 592 2048 mihi
617 2019 782 2055 videtur;
807 2018 865 2051 cui
893 2019 1078 2051 sententiae
1111 2018 1221 2062 magis
1256 2019 1434 2062 magisque

134 2057 379 2091 accedendum
402 2070 509 2104 puto,
532 2073 573 2095 eo
591 2065 685 2109 quod
710 2074 835 2099 auctor
859 2064 976 2103 dieat,
999 2062 1157 2107 plantam
1191 2075 1289 2096 suam
1331 2077 1435 2109 repe-

135 2104 196 2135 riri
219 2104 323 2137 etiam
343 2105 377 2137 in
402 2107 522 2141 Gallia
544 2133 551 2147 ,
573 2110 655 2144 licet
679 2123 784 2149 raro;
808 2122 885 2156 quae
911 2121 965 2144 res
1002 2110 1149 2142 minime
1174 2121 1255 2143 vera
1299 2120 1350 2143 est
1391 2112 1434 2143 de

134 2149 272 2182 Hedera
290 2160 470 2194 poetarum
494 2179 503 2187 .
526 2156 641 2201 Atque
686 2167 727 2190 ex
773 2157 838 2191 hoc
865 2160 942 2203 ipso
965 2156 1063 2189 fonte
1082 2168 1181 2190 error
1200 2156 1338 2190 Linnaei
1362 2157 1434 2189 for-

136 2204 169 2226 te
191 2206 314 2231 enatus
335 2208 416 2239 est,
440 2202 498 2245 qui
537 2202 571 2234 in
606 2204 853 2237 dissertatione
890 2205 943 2237 De
972 2203 1201 2246 Sponsalibus
1230 2208 1432 2247 plantarum

135 2245 264 2276 Amoen
281 2268 289 2276 .
314 2246 438 2279 acead.
469 2259 498 2279 ι.
520 2249 578 2282 ed.
599 2251 635 2282 5.
664 2263 698 2294 p.
722 2251 803 2284 535.
824 2251 982 2290 tradidit,
1000 2251 1173 2284 Ile-doram
1191 2255 1363 2296 poeticam
1390 2251 1430 2285 C.

135 2289 177 2322 Β.
198 2289 315 2326 lusum
337 2303 413 2327 esse
437 2294 586 2329 Hedum
606 2297 744 2332 Hence:
766 2296 987 2333 senescentis
1001 2320 1010 2330 ·
