1669 2563
584 302 644 343 Co
651 314 762 341 rmus
807 302 1040 343 ascendens
1059 334 1066 342 .

235 424 278 479 ᾗ.
317 422 412 464 166.
433 419 613 462 Cormus
639 418 876 459 ascendens
901 417 949 458 fit
973 433 998 459 a
1020 418 1318 476 productione
1350 421 1480 479 plan-

179 490 228 524 tae
249 482 593 538 cryptogamicae
623 493 761 535 supra
794 484 961 518 terram
981 509 992 528 ‚
1025 486 1106 519 aut
1136 479 1226 520 alia
1255 495 1478 538 corpora.

180 542 221 582 A
256 540 402 582 forma
433 540 609 580 diversa
631 539 801 580 dieitur
823 537 979 587 caulis,
1003 551 1182 594 scapus,
1200 538 1352 594 frons,
1379 556 1481 582 cazc-

177 602 277 650 dex‚
300 600 466 642 thallus
491 629 507 653 ,
528 602 688 656 stipes,
720 597 904 653 capula,
933 599 1150 653 peridium
1173 630 1184 648 ‚
1216 601 1477 651 sarcodizcm,

175 669 338 702 stroma
357 691 368 710 ‚
414 658 567 716 hyplza
590 690 599 699 .

236 719 280 774 ξ.
319 719 414 774 167.
446 718 600 760 caulis
630 724 696 759 est
736 714 896 774 plantae
927 718 1272 774 cryptogamicae
1316 718 1484 775 produ-

174 781 266 820 ctio
298 793 437 835 supra
476 785 643 819 terram
665 810 675 828 ‚
710 792 813 819 raro
841 775 1015 834 lignosa
1034 809 1044 826 ‚
1087 780 1312 819 instructa
1335 776 1479 828 foliis,

173 837 251 879 vel
298 837 459 879 saltem
508 840 645 879 ramis
670 869 679 878 .
727 835 942 878 surculus
967 869 978 886 ‚
1020 844 1066 878 et
1109 842 1318 887 truncus,
1369 852 1487 894 quos

177 897 387 939 Linnaeus
411 930 421 947 ‚
455 906 499 938 et
531 897 795 954 Hedwigius
825 897 1090 938 tribuerunt
1119 895 1325 947 ΛῙαεείε,
1360 914 1486 955 reap-

177 973 222 1000 se
259 960 486 1014 pertinent
517 957 573 998 ad
599 958 780 999 caulem
810 988 819 996 .
850 955 1010 998 Caulis
1040 954 1211 997 dicitur

233 1017 441 1059 Foliosus
461 1050 472 1068 ,
508 1019 590 1074 qui
624 1016 748 1059 foliis
780 1018 910 1057 vario
942 1015 1077 1058 modo
1101 1018 1358 1058 instructus
1388 1050 1397 1059 .

241 1078 523 1133 Vaginatas‚
557 1079 641 1134 qui
672 1078 849 1134 vaginis
894 1077 1253 1119 membranaceis
1285 1091 1369 1134 pro
1420 1076 1487 1118 fo-

178 1136 255 1178 liis
290 1138 347 1178 ad
386 1137 529 1179 nodos
564 1136 875 1179 circumdatus
899 1168 908 1177 .

237 1196 600 1253 Simplicissimzcs
630 1230 641 1248 ‚
675 1199 757 1254 qui
801 1210 1036 1253 nunquam
1060 1194 1199 1237 habet
1231 1211 1380 1238 ramos
1401 1229 1410 1239 .

236 1256 440 1313 Simplex
463 1290 474 1307 ‚
508 1259 590 1314 qui
624 1265 726 1315 post
751 1254 1079 1298 florescentiam
1105 1255 1380 1314 quandoque
1411 1272 1484 1298 ra-

173 1316 359 1358 mulum
390 1319 556 1358 emittit
584 1349 594 1358 .

233 1376 468 1419 Innovans
498 1410 508 1427 ,
542 1380 589 1418 in
621 1391 713 1433 quo
746 1378 1024 1417 incrementa
1054 1390 1204 1416 annua
1239 1376 1485 1418 observan-

177 1445 253 1478 tur
279 1470 289 1487 ‚
318 1436 427 1478 licet
459 1436 827 1494 simplicissimus
860 1443 1082 1493 perpetuo
1117 1443 1296 1476 maneat
1324 1469 1333 1478 .

239 1497 461 1540 Ramosus
489 1530 500 1547 ‚
534 1500 788 1539 instructus
820 1497 959 1538 tamis
1007 1493 1139 1537 nullo
1192 1495 1349 1538 ordine
1403 1510 1486 1553 po-

178 1559 279 1599 sitis
299 1590 308 1599 .

235 1617 613 1668 Ramosissimzcs2
644 1631 852 1659 ramosus
875 1647 888 1667 ‚
936 1617 1072 1657 ramis
1117 1616 1287 1658 iterum
1334 1630 1485 1658 ramo-

176 1679 236 1719 sis
265 1710 276 1727 ‚
310 1693 485 1736 semper
518 1680 613 1720 sine
647 1677 804 1719 ordine
833 1709 843 1718 .

243 1737 422 1793 Vaga5‚
455 1740 590 1795 eujus
622 1739 736 1780 xami
763 1743 884 1778 stant
914 1737 1008 1777 sine
1039 1734 1194 1777 ordine
1219 1768 1230 1785 ‚
1265 1733 1370 1777 laxe
1395 1733 1486 1776 dif-

174 1797 435 1839 funduntur
455 1831 465 1849 ‚
499 1807 545 1840 et
571 1798 743 1840 distant
767 1800 883 1838 inter
917 1811 960 1837 se
979 1828 989 1837 .

234 1856 482 1900 Intricatus
505 1891 516 1909 ,
551 1861 633 1916 qui
665 1858 806 1900 hahet
850 1870 1000 1898 ramos
1048 1869 1318 1897 numerosos
1341 1887 1351 1905 ,
1406 1870 1483 1912 ap-

176 1920 458 1975 proximatos
484 1951 494 1968 ‚
528 1919 688 1961 breves
713 1950 724 1969 ‚
757 1915 984 1974 implexos
1011 1948 1021 1966 ‚
1056 1917 1119 1956 ita
1151 1925 1204 1956 ut
1247 1917 1341 1956 cito
1379 1930 1506 1956 eva-.

177 1986 330 2019 nescat
361 1978 421 2019 ob
455 1993 602 2021 ramos
633 2012 644 2030 ‚
676 1980 722 2019 in
756 1992 871 2035 quos
902 1976 1126 2017 dividitur
1156 2009 1165 2018 .

237 2037 582 2089 Fasciculatus,
615 2039 752 2095 cujus
785 2039 898 2080 rami
929 2037 1090 2079 breves
1116 2069 1126 2087 ,
1159 2036 1379 2078 coarctati
1414 2033 1483 2075 fa-

181 2096 407 2138 sciculum
439 2097 640 2142 formant
659 2133 668 2141 .

239 2156 517 2213 Fastigiatus
541 2192 551 2208 ‚
579 2161 624 2200 in
656 2173 748 2215 quo
782 2158 896 2199 rami
930 2170 1085 2198 omnes
1118 2157 1388 2212 perveniunt
1426 2154 1481 2194 ad

181 2216 301 2257 idem
334 2216 564 2274 fastigium
598 2235 705 2261 cum
736 2221 863 2276 apice
896 2218 994 2273 ejus
1017 2252 1025 2261 .
1061 2216 1335 2273 Hujusmodi
1381 2229 1486 2255 eau-

186 2276 241 2319 lis
265 2284 332 2319 est
356 2286 534 2320 erectus
558 2310 566 2319 .
