1669 2563
243 185 326 228 292

243 277 285 318 6.
323 274 556 320 Violaceas
600 290 627 316 3
669 273 823 315 colore
875 271 998 315 floris
1048 271 1185 317 Violae
1241 272 1434 314 odoratoe
1464 305 1474 323 ‚

184 351 292 378 cum
331 336 457 377 color
487 337 571 376 iste
603 334 794 376 dilutior
826 343 918 375 est.

245 396 535 452 Purpureus,
561 402 641 452 qui
673 397 918 436 saturatior
940 392 1169 444 violaceo,
1206 392 1478 450 desumptus

188 472 213 498 a
243 455 399 497 colore
432 470 644 513 purpurae
677 455 824 509 Tyriae
848 488 857 497 .

247 516 633 573 Atro-purpureus
662 516 720 557 ab
752 516 1012 556 intensitate
1044 513 1210 569 majori
1230 520 1246 554 .'

191 592 230 632 7.
263 577 482 619 Caeruleus
506 609 516 626 ,
549 589 755 633 cyanem,
789 592 815 617 a
845 574 999 617 colore
1025 575 1162 615 maris
1193 573 1380 630 pacati,
1411 572 1485 616 vel

247 636 342 679 caeli
375 638 518 677 sereni
543 668 552 677 .

248 697 410 739 Dilate
440 697 646 739 caeraleus
666 729 677 746 ‚
708 696 855 737 vivide
883 695 1093 736 coeruleus
1118 727 1129 744 ‚
1163 701 1362 735 Salutate
1407 705 1486 734 οω-

195 759 370 807 ruleus,
403 756 476 797 vel
508 757 840 799 atro-coeruleus
867 788 878 807 ‚
912 771 938 797 a
968 754 1114 814 gradu
1146 754 1324 795 diverso
1361 785 1370 794 .

733 874 902 916 Odores
933 907 941 915 .

255 995 299 1049 ᾗ.
337 996 430 1036 158.
464 993 637 1034 Odores
670 991 932 1050 plantarum
963 992 1311 1050 distinguuntur
1343 994 1391 1033 in

255 1054 568 1096 suaveolentes
592 1086 602 1103 ‚
637 1055 716 1110 qui
750 1051 972 1094 olfactum
1003 1060 1209 1094 nostrum
1242 1051 1492 1093 oblectant.

255 1113 526 1170 Fragrantes
549 1147 560 1164 ,
594 1115 674 1171 qui
707 1112 1019 1155 suaveolentes
1044 1145 1054 1163 ‚
1089 1121 1134 1154 et
1165 1114 1290 1154 acuti
1320 1143 1329 1153 .

258 1173 523 1225 Mosclzam‘,
564 1173 855 1223 ambrosiaci‚
900 1173 1164 1214 accedentes
1208 1173 1266 1214 ad
1311 1170 1497 1213 odorem

199 1234 371 1275 moechi
394 1267 404 1276 .
437 1235 495 1276 Hi
529 1242 633 1275 sunt
663 1235 815 1275 nervis
848 1248 957 1291 saepe
983 1232 1180 1275 infensi.

259 1294 502 1336 Aromatici
529 1327 540 1345 ,
571 1294 847 1352 camplzorati
865 1324 876 1345 ‚
922 1294 980 1335 ab
1013 1293 1150 1335 odore
1181 1294 1453 1334 cinnamomi
1482 1325 1493 1342 ‚

199 1363 280 1395 aut
311 1355 564 1412 camphorae
583 1388 592 1397 .

259 1414 567 1457 Graveolentes
597 1415 735 1456 odore
766 1413 876 1456 forti
906 1447 916 1465 ,
949 1415 1130 1471 ingrato
1157 1446 1166 1455 .

259 1474 454 1527 Foetidi‚
502 1477 788 1525 cadaverosi,
834 1491 859 1516 3
903 1475 1036 1516 nobis
1081 1488 1171 1515 non
1218 1471 1393 1515 ferendi
1440 1471 1499 1513 ob

199 1534 402 1577 foetorem
427 1569 437 1587 ‚
470 1536 697 1577 interdum
731 1530 1054 1577 cadaverosum
1079 1567 1089 1576 .

257 1595 486 1638 Nauseosi
506 1629 515 1646 ,
548 1595 692 1638 foetidi
721 1628 731 1646 ‚
765 1598 989 1636 vomitum
1021 1596 1272 1636 excitantes
1297 1625 1306 1634 .

259 1657 464 1708 Alliam,
497 1657 654 1698 hircini
677 1689 688 1708 ‚
721 1657 779 1697 ab
812 1656 950 1698 odore
982 1655 1108 1706 allii,
1140 1653 1214 1696 vel
1248 1652 1379 1695 hirci.

731 1776 926 1834 Sapor-es
955 1809 964 1818 .

261 1897 305 1951 §.
346 1897 440 1953 159.
477 1897 669 1954 Sapores
699 1895 871 1945 ludunt

260 1957 432 1999 Dulces
451 1990 461 2008 ‚
493 1957 743 1998 saccharatz·
761 1989 771 2006 ,
799 1972 825 1996 a
850 1957 1073 1997 suavitate
1105 1952 1309 1996 sacchari
1336 1986 1345 1994 .

259 2017 382 2058 Salsa·
410 2033 436 2059 3
467 2032 625 2074 sapore
657 2016 764 2058 salis
790 2017 953 2056 marini
981 2048 991 2057 .

261 2077 417 2118 Amari
440 2092 466 2118 a
497 2092 655 2134 sapore
685 2074 933 2134 amygdalae
963 2089 1142 2117 amarae.

261 2136 461 2193 Pingues
488 2170 498 2188 ‚
542 2138 848 2192 mucilaginosi
876 2169 888 2187 ,
919 2135 1065 2178 veluti
1114 2134 1173 2176 ab
1222 2132 1323 2175 oleo
1353 2165 1363 2184 ,
1415 2140 1495 2174 aut

203 2196 478 2255 mucilagine
508 2200 674 2248 exciti,
704 2199 771 2238 ori
803 2196 885 2239 diu
915 2196 1133 2239 haerentes
1160 2228 1169 2237 .

263 2257 446 2313 Stipticz·
469 2290 479 2307 ‚
514 2261 811 2316 astringentes
835 2291 843 2300 .

264 2317 396 2360 Acidi
418 2351 429 2370 ‚
462 2317 665 2376 linguam
696 2317 935 2368 ferientes,
966 2316 1309 2376 refrigerantes.
