1669 2563
275 179 352 220 118

209 282 443 338 peculiare
475 281 796 340 phaenomenon
842 283 1034 326 subinde
1081 283 1274 325 accidit.
1322 282 1509 326 Scilicet

208 342 445 385 detexerat
457 342 751 384 Lamarckius
770 375 781 394 ,
814 342 952 384 Arum
973 346 1171 386 italicum
1202 346 1509 400 generationis

205 412 432 445 momento
465 402 716 460 plurimum
745 402 1015 445 incalescere
1038 404 1217 462 spadiCe
1243 417 1351 453 suo3
1383 405 1510 461 quod

207 464 395 521 quidem
424 478 503 504 nos
534 477 717 519 quoque
751 462 926 520 pluries
959 466 1138 521 experti
1181 478 1337 504 sumus
1387 466 1508 506 inter

210 533 438 581 quartam,
454 530 498 564 et
521 530 694 565 sextam
716 527 1067 580 vesperascentis
1088 525 1177 566 diei
1198 523 1372 565 horam.
1397 524 1511 566 Sen-

203 585 437 625 nehierius
491 598 584 624 rem
636 581 918 625 confirmavit
947 586 995 625 in
1044 584 1136 626 Aro
1181 584 1429 635 maculato,
1464 592 1510 626 et

204 643 459 685 Hubertius
488 645 534 683 in
559 642 650 684 Aro
675 643 929 699 cordifolio,
975 643 1300 686 thei-mometro
1350 642 1505 686 Reau-

208 705 417 745 muriano
441 735 452 754 ,
489 704 569 760 qui
599 705 721 743 aucti
751 703 918 745 caloris
946 705 1139 761 gradum
1156 705 1407 754 metiretur,
1433 704 1508 745 ad-

210 762 377 814 hibito,
411 772 470 813 et,
497 765 666 803 mirum
693 763 851 805 dictu!
884 764 1140 806 Hubertius
1171 766 1378 821 quinque
1424 764 1508 805 Ari

207 823 428 879 cordifolii
458 822 719 879 spadicibus
751 822 888 864 simul
917 825 1088 878 junctis
1112 825 1506 881 vigintiquinque

208 883 374 925 caloris
405 881 573 940 gradus
592 914 602 930 ‚
629 881 875 924 duodecim
905 898 1014 924 vero
1047 884 1310 940 spadicibus
1343 886 1505 940 trigin-

207 949 255 983 ta
285 943 453 1000 gradus
475 955 580 981 cum
607 940 796 982 dimidio
831 957 970 1000 supra
1003 946 1268 1000 temperiem
1299 944 1502 985 ambien-

207 1004 268 1044 tis
290 1005 405 1044 aeris
439 1001 701 1042 observavit
719 1032 728 1041 .

267 1063 310 1117 ᾗ,
344 1062 443 1105 366.
473 1059 740 1101 Theodorus
772 1059 1041 1102 Saussurius
1070 1060 1190 1102 idem
1225 1059 1350 1112 fieri,
1397 1060 1507 1104 licet

207 1123 372 1163 minori
396 1120 568 1179 gradu,
601 1118 927 1176 deprehendit
916 1136 962 1161 ln
987 1118 1177 1162 floribus
1192 1120 1274 1161 Ari
1300 1121 1511 1163 Dracan-

207 1183 320 1231 culi,
354 1180 602 1223 Cucurbitae
625 1179 866 1235 Peporzis,
899 1180 1148 1222 cucurbitae
1172 1180 1509 1237 Melopeponis,

204 1240 470 1297 Bignogniae
501 1241 761 1290 radicantis,
782 1248 826 1281 et
845 1240 1148 1297 Polyantlzeos
1179 1241 1406 1292 tuberosae,
1435 1256 1508 1284 co-

205 1304 455 1359 gnovitque
480 1333 490 1351 ‚
523 1273 845 1357 phaenomelion
873 1300 998 1342 istud
1028 1304 1185 1358 reapse
1228 1316 1335 1342 cum
1388 1305 1506 1345 aeris

204 1364 421 1419 oxygenii
472 1359 799 1417 atmosphaerici
855 1359 1164 1403 destructione
1218 1364 1505 1412 consociari,

202 1437 339 1479 quam
370 1420 474 1472 flos,
509 1427 554 1462 et
586 1423 811 1478 praecipue
844 1433 1013 1477 organa
1034 1422 1133 1476 ejus
1165 1421 1373 1462 sexualia
1425 1438 1508 1479 pe-

203 1490 371 1539 ragunt
401 1482 703 1539 generationis
753 1488 957 1537 tempore
1009 1481 1066 1521 ad
1119 1495 1271 1521 aerem
1317 1481 1506 1524 acidum

199 1543 500 1583 carbonicum
531 1539 850 1581 excitandum.
876 1540 1089 1581 Attamen
1120 1555 1378 1582 asseverare
1412 1556 1505 1583 non

202 1601 361 1652 audet,
394 1600 632 1642 elatiorem
683 1599 851 1640 caloris
902 1600 1095 1657 gradum
1118 1632 1129 1651 ,
1186 1615 1323 1657 quem
1369 1598 1504 1643 flores

202 1663 322 1702 inter
355 1659 665 1718 generandum
697 1657 1020 1717 praeseferunt,
1054 1675 1110 1700 ex
1142 1659 1227 1701 hoc
1263 1674 1355 1701 uno
1387 1661 1503 1717 phae-

199 1735 393 1762 nomeno
420 1717 663 1777 proficisci,
699 1734 805 1760 cum
836 1735 912 1760 aer
943 1720 1101 1761 acidus
1134 1720 1406 1762 carbonicus
1456 1723 1503 1763 in

202 1779 556 1837 quamplurimis
587 1778 689 1820 aliis
720 1777 909 1821 floribus
940 1779 1197 1831 evolvatur,
1231 1783 1344 1838 quin
1375 1780 1504 1824 ullus

201 1843 324 1883 aucti
355 1839 520 1881 caloris
550 1839 715 1895 gradus
746 1839 1059 1881 manifestetur
1078 1872 1087 1881 .

261 1901 306 1956 ᾗ.
339 1901 438 1957 367.
471 1899 632 1956 Ingens
663 1899 747 1940 hac
777 1899 832 1940 de
864 1915 928 1950 re,
978 1914 1215 1956 novusque
1261 1901 1501 1956 experien-

200 1959 247 2001 di
300 1975 486 2018 campus
518 1959 801 2016 physiologis
832 1957 987 2016 patefit
1011 1993 1020 2002 .
1055 1960 1234 2001 Interea
1255 1960 1500 2002 ohservare

199 2021 357 2076 juvat,
401 2035 611 2077 magnam
655 2020 861 2060 carbonii
917 2020 1300 2070 subductionem,
1328 2035 1422 2076 quae
1454 2022 1502 2063 in

200 2079 310 2122 flore
342 2083 591 2135 contingit,
640 2078 894 2136 plurimum
942 2079 1091 2121 facere
1145 2079 1202 2120 ad
1246 2080 1502 2137 augendam

201 2143 399 2198 oxygeni
430 2143 652 2182 rationem
682 2141 730 2180 in
759 2138 994 2181 elementis
1026 2141 1308 2197 primigeniis
1341 2141 1496 2192 succi,

202 2215 258 2241 ex
290 2216 382 2257 quo
415 2214 577 2242 succus
623 2201 707 2240 iste
760 2199 942 2241 dulcior
973 2233 984 2250 ,
1013 2200 1271 2256 lentiorque
1304 2200 1456 2241 evadit
1486 2232 1497 2242 .

201 2259 374 2303 Verum
403 2268 447 2303 et
475 2259 652 2301 colores
680 2260 919 2302 mirimode
949 2262 1082 2312 varii,
1100 2267 1144 2302 et
1160 2260 1342 2310 odores,
1360 2269 1498 2317 atque

201 2329 404 2363 aromata
458 2319 700 2370 evolantia,
735 2327 780 2360 et
824 2322 1051 2364 excitatus
1096 2335 1207 2379 saepe
1264 2320 1420 2372 calor,
1453 2328 1498 2363 et
