1669 2563
258 148 341 205 296

709 310 860 354 CAPUT
909 308 986 351 VI.

264 432 336 474 DE
369 444 728 473 CHARACTERIBUS
749 445 829 471 PRO
850 441 1181 472 DIGNOSCENDIS
1207 441 1438 469 SPECIEBUS

484 505 752 533 PLANTARUM
801 502 1190 532 GRYPTOGAMARUM
1219 521 1229 530 .

585 610 768 654 Cormus
818 612 1080 653 descendens
1104 642 1113 651 .

262 732 305 787 §.
337 733 428 775 162.
454 731 634 774 Cormus
654 731 913 772 descendens
939 732 1055 771 sistit
1080 728 1277 771 radicem
1306 729 1353 769 in
1379 726 1506 786 plan-

200 794 258 833 tis
284 793 612 849 cryptogamis,
648 798 703 830 ut
734 790 846 831 alias
889 790 1132 832 docuimus
1159 822 1169 840 ‚
1203 797 1247 831 et
1278 803 1305 829 a
1354 787 1502 829 forma

199 852 376 893 diversa
409 852 578 893 dicitur
601 851 735 891 radix
756 853 943 905 proprio
979 864 1129 901 sensu,
1163 849 1357 891 rlzz'zoma
1376 881 1387 899 ‚
1409 849 1504 890 cal-

199 913 269 952 lus
295 943 304 951 .
1216 914 1219 916 ’

259 971 307 1025 §.
344 970 438 1011 163.
466 969 619 1009 Radix
645 971 832 1024 proprio
863 981 992 1010 sensu.
1043 975 1111 1009 est
1141 967 1246 1024 plus
1295 969 1503 1011 minusve

200 1031 351 1072 tenuis
380 1061 390 1078 ‚
423 1037 470 1069 et
516 1031 666 1069 variat

255 1089 458 1145 Simplex
483 1122 493 1138 ,
520 1103 692 1130 ramosa
709 1121 721 1140 ‚
736 1086 961 1144 filg‘formis
988 1119 999 1138 ,
1031 1086 1280 1144 capillaris‚
1307 1101 1502 1145 perpen-

203 1150 416 1191 dicularis
447 1182 455 1198 ‚
486 1163 639 1206 repens
663 1182 672 1190 .

267 1210 477 1252 Velutitza
496 1243 506 1260 ‚
542 1224 645 1250 cum
675 1206 795 1249 fibrae
821 1209 919 1263 ejus
954 1214 1060 1248 sunt
1087 1213 1342 1249 tomentosae
1369 1239 1379 1248 .

259 1269 488 1326 Byssacea
512 1303 522 1320 ‚
557 1284 663 1311 cum
695 1276 792 1309 tota
822 1276 999 1311 constat
1029 1268 1167 1323 bysso
1186 1301 1197 1319 ,
1226 1269 1318 1309 sive
1359 1264 1503 1308 flocco

198 1332 329 1372 tenui
362 1363 372 1381 ‚
407 1332 535 1372 brevi
563 1362 572 1371 .

259 1390 303 1446 ξ.
344 1391 440 1444 164.
474 1389 695 1432 Rhizoma
723 1396 790 1430 est
811 1402 979 1446 corpus
1001 1399 1220 1438 crassum,
1242 1401 1363 1428 nunc
1395 1385 1506 1427 fusi-

201 1449 365 1500 forme,
389 1465 507 1492 nunc
532 1450 816 1499 tuberosum,
839 1456 884 1490 et
909 1447 1200 1504 amorphum,
1224 1455 1506 1503 ornatusque

196 1509 381 1552 fibrillis
404 1509 676 1552 lateralibus
708 1508 998 1567 simplicibus
1023 1541 1034 1559 ‚
1069 1507 1143 1550 vel
1169 1509 1358 1550 ramosis
1376 1540 1385 1549 .
1409 1507 1505 1548 Lu—

202 1572 273 1613 dit

194 1663 197 1666 .
255 1630 458 1687 Simplex
483 1663 493 1680 ,
526 1644 757 1681 ramosum,
785 1630 1170 1688 perpendiculare‚
1194 1627 1471 1671 horizontale
1493 1659 1503 1677 ‚

199 1699 492 1733 transversum
519 1723 529 1733 .

258 1750 493 1807 Sepultura
525 1783 536 1801 ,
598 1760 791 1793 exertum
815 1783 826 1801 ,
883 1749 1027 1801 infra,
1060 1749 1133 1792 vel
1188 1763 1328 1806 supra
1379 1755 1503 1789 terrae

201 1810 486 1867 superficiem
515 1845 523 1853 .

259 1871 574 1913 Cicatrisatam
604 1886 631 1912 a
662 1869 871 1928 reliquiis
903 1870 1109 1925 stipitum
1131 1868 1502 1909 demortuorum.

261 1931 585 1988 Squamosum,
621 1931 817 1972 villosum
837 1962 848 1981 ‚
881 1929 1057 1979 hirtum,
1089 1944 1195 1970 cum
1238 1927 1506 1984 adspersum

201 1995 404 2049 squamis
422 1993 645 2041 scariosis,
669 1989 744 2031 vel
764 1988 891 2031 villis
913 1988 1150 2040 mollibus,
1175 1996 1254 2029 aut
1271 1986 1502 2045 rigidulis.

261 2051 516 2094 Coloratum
545 2083 555 2101 ‚
593 2052 826 2092 odoratum
855 2081 865 2091 .

264 2112 307 2167 §.
347 2114 442 2155 165.
477 2111 633 2154 Callus
657 2143 667 2161 ,
705 2110 860 2152 Radix
892 2108 1030 2150 notha
1061 2107 1371 2150 Willdenowii
1392 2139 1403 2157 ,
1439 2114 1506 2148 est

202 2175 421 2229 expansio
453 2170 767 2230 cartilaginea,
799 2170 1072 2228 corporibus
1103 2177 1225 2210 arcte
1246 2167 1475 2209 adhaerens
1496 2199 1504 2207 .

203 2231 368 2274 Variat

258 2291 534 2336 orbicularis
557 2325 573 2346 ,
601 2292 851 2347 irregularis
876 2322 892 2342 ,
917 2291 1192 2345 integerrima
1215 2322 1226 2339 ‚
1240 2288 1357 2343 fissa-
1383 2321 1392 2338 ,
1448 2288 1508 2328 di-

200 2355 347 2409 gitata
378 2388 388 2406 ‚
418 2358 589 2396 minata
614 2386 624 2404 ,
659 2360 888 2395 contracta
913 2384 923 2402 ,
958 2352 1150 2393 dilatata
1175 2382 1184 2400 ,
1213 2349 1479 2406 papillosa.
