1669 2563
221 287 450 333 vocabulo
486 302 545 331 ex
601 284 883 330 animalibus
927 285 1168 342 desumpto
1194 316 1205 334 ‚
1259 282 1508 335 dixerunt,

222 359 276 391 ut
307 349 530 392 habemus
563 364 591 390 a
621 348 908 406 Teophrasto
933 379 943 388 .

281 409 327 465 §.
363 412 429 452 13.
461 408 697 453 Grewiana
724 407 1011 451 fermentatio
1030 438 1041 457 ‚
1064 401 1359 447 Mirhelliana
1381 402 1513 444 ebul-

223 469 343 521 litio,
374 469 624 512 Linckiana
646 467 788 524 amyli
809 465 1051 508 dissolutio
1082 467 1128 505 in
1160 463 1344 520 liquore
1375 477 1511 519 vege-

224 529 382 582 tabili,
401 537 446 572 et
472 528 578 572 hinc
607 527 912 577 fermentatio,
934 540 1030 582 quae
1055 524 1113 566 ad
1141 522 1379 567 cellularis
1405 523 1512 568 sub-
1556 520 1558 525 ’

225 592 394 631 stantiae
419 591 639 647 originem
665 586 983 645 explicandam
1017 587 1204 626 inventae
1223 616 1233 634 ,
1250 597 1339 624 non
1367 585 1512 640 magis

223 665 323 690 eam
343 652 571 708 aperiunt,
591 663 728 706 quam
759 646 1087 704 praeexistentia
1116 643 1257 699 hujus
1288 641 1384 684 telae
1409 658 1511 699 ger—

224 711 347 750 mina
365 743 375 751 .
406 709 529 762 Quid
557 711 677 750 enim
706 707 856 749 obstat
882 739 893 757 ‚
919 707 1032 763 quin
1063 719 1218 745 rerum
1269 702 1404 745 Sator
1435 717 1511 743 no-

224 770 294 811 bis
339 767 562 812 miracula
607 783 690 810 sua
731 765 806 809 vel
850 781 929 824 per
975 767 1169 814 siccam,
1220 770 1275 804 ut
1318 762 1508 812 dicunt,

225 831 347 870 viam
364 863 376 881 ‚
408 828 482 871 vel
507 844 586 886 per
610 827 846 869 humidam
876 823 1149 883 patefaciat?

284 888 327 944 ς.
365 892 429 942 14.
461 889 682 931 Doctrina
711 885 990 928 Dutrocheti
1037 884 1093 925 de
1138 881 1297 924 eadem
1340 887 1510 922 natura

224 963 473 1005 granorum
493 949 697 990 materiei
717 945 985 1004 vegetabilis
1003 976 1014 994 ,
1040 951 1087 985 et
1113 943 1379 984 substantiae
1410 943 1509 981 ani-

228 1008 359 1050 malis
377 1023 545 1050 nerveae
561 1010 659 1065 ipsa
677 1022 756 1064 per
778 1022 823 1048 se
843 1004 1147 1056 labitur.Quae
1168 1003 1355 1043 minima
1371 1015 1512 1057 grana

228 1071 416 1110 materie
456 1068 616 1118 viridi,
649 1065 882 1124 pellucida
902 1063 1154 1121 repleta‚et
1171 1077 1306 1119 super
1333 1068 1512 1102 textum

227 1127 496 1170 cellularem
526 1127 791 1185 plantarum
826 1124 1087 1166 nidulantia
1133 1124 1230 1179 ipse
1277 1129 1513 1177 comparat

229 1203 337 1230 cum
367 1189 518 1245 granis
547 1185 697 1244 pulpae
730 1184 977 1228 cerebralis
1001 1216 1013 1234 ,
1044 1190 1091 1225 et
1120 1196 1291 1223 nerveae
1310 1213 1322 1231 ‚
1354 1188 1411 1220 ut
1436 1196 1512 1236 pa-

231 1251 271 1287 ri
307 1256 440 1304 pacto
490 1246 693 1304 explicet
743 1252 920 1286 motum
969 1257 1148 1284 omnem
1203 1239 1472 1297 plantarum
1496 1272 1509 1291 ‚

231 1310 369 1348 unius
398 1306 693 1363 ejusdemque
721 1312 893 1347 naturae
923 1304 1108 1343 omnino
1158 1315 1253 1341 esse
1284 1313 1376 1340 non
1405 1313 1513 1355 pos-

232 1375 339 1408 sunt
363 1399 375 1417 ,
406 1382 514 1409 cum
539 1369 703 1423 prima,
728 1372 774 1406 et
799 1364 1028 1420 praecipua
1052 1359 1278 1403 elementa
1300 1358 1514 1414 chymica

232 1429 475 1483 utriusque
507 1428 574 1467 rei
603 1423 817 1466 differant
844 1425 962 1463 inter
994 1435 1038 1462 se
1069 1435 1114 1461 se
1143 1433 1335 1460 numero
1357 1450 1369 1468 ,
1402 1433 1513 1475 pro-

232 1489 470 1543 portione,
503 1493 552 1527 et
579 1486 744 1542 specie,
776 1488 908 1524 azoto
937 1482 985 1521 in
1016 1478 1187 1536 plantis
1217 1476 1481 1521 deficiente.

291 1546 336 1601 ὃ.
373 1546 437 1588 15.
469 1545 529 1585 At
557 1551 756 1600 utraque
786 1556 942 1599 grana,
976 1540 1145 1596 inquit,
1180 1545 1344 1595 suapte
1370 1546 1512 1579 natu-

235 1612 284 1645 ra
312 1608 360 1646 in
389 1605 570 1646 ambitu
599 1617 771 1660 opaca,
802 1600 953 1642 media
980 1613 1090 1641 vero
1125 1598 1196 1640 sui
1228 1605 1358 1655 parte
1410 1597 1512 1654 pel-

233 1664 418 1715 lucent,
449 1677 503 1706 eo
532 1663 659 1721 quod
686 1662 874 1703 materie
905 1660 1040 1702 viridi
1071 1657 1301 1715 diaphana
1333 1657 1512 1714 replen-

233 1732 326 1774 tur,
358 1732 572 1781 utraque,
605 1725 642 1764 si
671 1723 792 1763 intra
822 1720 1007 1764 acidum
1036 1719 1259 1760 nitricum
1283 1715 1512 1768 calefiant,

232 1791 447 1826 contento
477 1783 659 1841 liquore
689 1782 874 1823 densato
892 1813 904 1831 ‚
937 1780 1243 1822 obscurantur
1269 1810 1280 1828 ,
1311 1778 1417 1819 dein
1442 1779 1514 1819 in·-

235 1850 306 1885 tra
331 1843 605 1885 solutionem
634 1855 853 1899 aquosam
884 1847 1069 1898 potassae
1100 1839 1308 1881 causticae
1337 1839 1515 1880 immis-

237 1918 284 1944 sa
307 1935 318 1954 ‚
352 1903 444 1945 leni
470 1901 623 1946 calore
656 1901 834 1957 adjecto
857 1933 869 1952 ,
925 1898 1292 1957 pelluciditatem
1344 1899 1514 1940 iterum

235 1963 574 2020 adipiscuntur.

295 2023 340 2079 ξ.
377 2023 441 2066 16.
473 2022 595 2076 Quid
625 2021 797 2078 igitur?
827 2018 897 2061 An
926 2033 1123 2076 corpora
1154 2033 1210 2059 ex
1236 2031 1289 2059 eo
1314 2017 1441 2075 quod
1468 2018 1515 2058 in

236 2084 512 2140 quibusdam
558 2078 919 2140 proprietatibus
948 2078 1219 2121 conveniant
1245 2109 1258 2128 ,
1291 2079 1339 2118 in
1369 2078 1515 2119 omni-

238 2144 327 2185 bus
356 2157 544 2201 quoque
586 2138 1072 2185 conveniunt?Nonne
1104 2139 1361 2180 substantia
1388 2153 1514 2180 cere-

236 2202 398 2254 bralis‚
428 2211 474 2245 et
485 2216 651 2245 nervea
678 2201 843 2250 motui,
873 2207 918 2241 et
941 2199 1274 2241 sensationibus
1290 2205 1514 2256 perpetuo

239 2265 428 2305 inservit
440 2265 488 2304 in
505 2260 805 2309 animalibus?
819 2259 932 2313 Quis
948 2275 1103 2316 parem
1118 2267 1296 2301 motum
1311 2272 1516 2315 unquam

238 2322 354 2365 vidit
382 2325 431 2364 in
458 2330 558 2366 toto
591 2336 729 2381 regno
761 2319 1040 2379 vegetabili,
1071 2322 1176 2378 quis
1207 2320 1481 2362 sensationes
1500 2349 1513 2367 ,
