1669 2563
206 203 261 231 20

712 347 887 391 Collum
913 379 921 388 .

211 473 256 529 ξ.
288 486 359 529 72.
390 468 640 519 Plumulae,
672 476 717 509 et
749 466 963 509 radiculae
997 467 1126 508 bases
1168 479 1274 506 cum
1324 465 1464 505 inter-

156 534 266 575 dum
296 548 340 574 se
372 547 416 573 se
447 529 541 572 fere
573 531 839 585 contingant
864 560 875 577 ‚
910 536 1020 568 tunc
1052 524 1230 567 collum
1281 527 1360 566 vix
1394 523 1465 564 ul-

155 594 256 635 lum
283 625 292 634 .
325 591 453 633 Alias
484 599 638 632 autem
669 588 831 630 eaedem
861 586 1030 628 distant
1075 588 1193 626 inter
1227 600 1271 626 se
1297 602 1307 634 ;
1354 592 1465 624 tunc

156 652 332 695 collum
361 654 409 692 in
438 648 686 708 propatulo
719 656 784 690 est
812 681 823 698 ‚
857 646 1005 688 forma
1036 647 1217 687 varium
1249 647 1295 685 in
1326 646 1468 686 variis

158 713 356 772 plantis.
387 710 550 753 Nihilo
581 717 731 751 tamen
762 709 907 749 secius
939 713 1043 748 ante
1087 708 1318 761 inceptam
1364 720 1468 762 ger-

157 775 452 815 minationem
482 771 609 812 dictu
642 767 824 810 difficile
843 801 854 818 ‚
887 769 968 824 qui
997 768 1085 807 sint
1114 764 1226 806 colli
1257 763 1391 805 fines.

93 833 96 840 ²
218 834 263 888 ξ.
312 835 383 889 73.
445 829 634 873 Collum
684 829 797 879 hoc,
853 827 1095 868 caudicem
1150 824 1470 866 ascendentem

161 909 187 935 a
218 891 517 935 descendente
549 888 756 931 dividens
776 920 786 938 ‚
827 889 1051 944 impetum
1083 888 1131 926 in
1185 892 1437 940 utrumque
1457 915 1468 931 ‚

161 961 215 993 ut
243 955 309 993 ita
340 952 488 992 dicam
508 983 519 1001 ‚
552 949 665 992 facit
690 967 700 998 ς
733 963 875 1005 quare
903 955 1123 1003 punctum
1154 945 1292 987 vitale
1334 958 1475 985 voca-

161 1015 231 1054 vit
261 1011 574 1053 Lamarckius.
605 1008 809 1050 Plurima
839 1008 1025 1065 quidem
1056 1008 1101 1047 vi
1135 1004 1296 1063 pollet,
1327 1018 1435 1044 cum
1462 1034 1473 1052 ‚

164 1087 218 1113 eo
251 1080 471 1128 corrupto
497 1103 507 1121 ,
540 1069 697 1128 planta
729 1070 953 1109 moriatur
974 1100 982 1108 .
1017 1066 1223 1108 Noverat
1247 1065 1474 1113 Goewius,

164 1140 211 1174 et
241 1133 564 1175 coarctationis
594 1132 774 1171 nomine
807 1129 1078 1170 distinxerat
1102 1159 1112 1168 .

659 1248 951 1304 Cotyledones
975 1278 984 1287 .

227 1372 272 1426 ᾗ.
307 1371 376 1426 74.
409 1368 701 1425 Cotyledones
747 1372 854 1408 sunt
897 1364 1011 1406 folia
1066 1361 1303 1405 seminalia
1356 1361 1484 1419 plan-

169 1438 322 1472 tarum
354 1436 544 1486 aspectu
569 1430 697 1470 varia
724 1459 736 1477 ,
769 1424 892 1467 collo
925 1426 1142 1482 germinis
1175 1423 1333 1464 affixa.
1367 1422 1485 1464 Con-

172 1500 293 1532 stant
322 1488 548 1530 celluloso
581 1495 715 1529 textu
743 1518 755 1535 ,
787 1487 836 1526 in
867 1499 959 1541 quo
991 1484 1194 1525 nutricia
1240 1484 1452 1523 materies
1471 1515 1482 1533 ‚

171 1550 279 1609 plus
311 1551 462 1590 minus
504 1549 690 1604 copiosa
727 1545 867 1586 latet.
915 1544 1133 1585 Praeterea
1180 1543 1246 1583 ibi
1296 1550 1488 1599 serpunt

172 1625 280 1652 vasa
309 1641 320 1658 ,
353 1623 449 1665 quae
480 1607 539 1648 ad
570 1620 755 1664 germen
803 1603 1077 1645 deferuntur
1108 1636 1120 1653 ‚
1176 1604 1427 1644 mammalia
1459 1618 1487 1644 a

170 1670 374 1712 Bonneto
409 1667 561 1717 dicta,
595 1669 706 1723 quia
736 1673 996 1706 nascentem
1029 1662 1289 1721 plantulam
1321 1665 1484 1720 primi-

173 1738 248 1771 tus
278 1729 493 1770 nutriunt
516 1759 525 1769 .
559 1726 661 1778 Qua
692 1725 746 1766 de
770 1740 817 1766 re
848 1723 1056 1766 Grewius
1090 1724 1277 1764 radicem
1296 1725 1481 1763 semina-

173 1792 256 1833 lem
283 1822 294 1841 ‚
327 1803 409 1830 nec
440 1788 666 1829 immerito
693 1818 705 1836 ,
739 1784 1038 1839 cotyledones
1064 1790 1421 1840 nuncupaverat
1445 1815 1456 1824 .

235 1850 281 1905 ξ.
315 1847 385 1904 75.
419 1847 538 1888 Vasa
568 1845 658 1887 haec
690 1844 781 1887 alia
815 1852 920 1885 sunt
940 1843 1254 1901 lymphatica,
1279 1841 1371 1883 alia
1395 1850 1487 1883 tra-

177 1908 357 1951 chealia
387 1922 443 1949 ex
490 1905 890 1948 observationibus
941 1903 1184 1961 Malpighii
1222 1920 1237 1953 ‚¹
1280 1903 1485 1952 Amicii,

176 1978 223 2011 et
251 1969 444 2010 nostris.
478 1965 785 2022 Cotyledones
815 1980 923 2006 cum
954 1966 1076 2005 intra
1123 1971 1384 2020 tegumenta
1419 1977 1489 2004 se-

176 2031 312 2072 minis
340 2034 654 2077 coarctentur,
685 2024 806 2067 mole
837 2026 1015 2066 varient
1034 2056 1045 2074 ,
1098 2030 1144 2064 et
1188 2022 1448 2080 pallescant
1475 2054 1487 2072 ‚

178 2091 261 2131 ubi
292 2089 378 2130 sub
409 2095 532 2129 terra
557 2088 860 2144 germinantes
893 2083 1037 2126 latent
1064 2116 1074 2133 ‚
1110 2083 1212 2124 ideo
1239 2098 1265 2124 a
1288 2082 1491 2139 reliquo-

180 2165 286 2193 rum
314 2147 534 2190 foliorum
565 2145 712 2188 forma
737 2144 969 2187 abludunt
996 2177 1005 2187 .
1046 2143 1234 2187 Vitellas
1269 2141 1490 2184 Goertne-

181 2213 246 2260 ri,
279 2208 591 2266 hypoblastum
620 2205 840 2248 Richardi
870 2205 929 2247 ad
964 2203 1286 2260 cotyledonem
1309 2205 1492 2245 omnino

182 2272 414 2328 pertinent
437 2300 446 2310 .

244 2330 288 2386 §.
321 2328 392 2385 76.
424 2327 569 2370 Omne
600 2340 750 2370 semen
771 2323 846 2367 vel
877 2338 969 2393 uno
1002 2330 1182 2367 tantum
1202 2321 1494 2379 cotyledone,
