1669 2563
1342 122 1420 175 137

251 235 310 279 3⁰.
342 237 439 279 Haec
474 230 744 278 absorbendi
774 261 785 278 ‚
817 235 862 269 et
882 222 1133 276 exhalandi
1172 224 1289 265 aeris
1320 238 1493 281 oxyge-

191 299 257 338 nii
276 330 287 348 ‚
313 299 420 339 item
451 304 496 337 et
525 288 804 335 dissolvendi
843 288 960 328 aeris
991 283 1111 325 acidi
1150 283 1383 324 carbonici
1416 299 1493 341 po-

193 365 330 398 testas
359 372 411 398 eo
461 356 619 410 major,
654 363 745 406 quo
776 348 920 402 major
942 344 1121 386 fructus
1145 343 1368 384 acerbitas
1391 376 1402 393 ,
1447 352 1494 384 et

198 418 395 458 vicissim
420 448 430 457 .

251 476 295 531 ξ.
318 478 419 531 409.
441 471 508 513 Ex
525 470 695 527 quibus
710 466 922 508 omnibus
944 463 1166 520 sequitur,
1184 460 1494 512 acerbitatem,

194 541 242 575 et
282 533 657 574 immaturitatem
688 526 867 569 fructus
888 524 1140 565 consociari
1160 536 1266 562 cum
1287 518 1501 577 purifica-

193 596 315 635 tione
356 592 581 640 carbonii,
616 587 741 645 quod
772 589 819 627 in
849 588 948 643 ipso
978 583 1131 624 fructu
1153 580 1375 629 subsidet,
1410 595 1502 636 qua

195 658 393 710 peracta,
415 652 684 706 viribusque
716 645 936 689 vitalibus
957 643 1136 685 fructus
1168 642 1226 682 ab
1252 640 1503 682 obstructis

197 714 317 754 vasis
363 709 764 768 languescentibus
785 739 795 757 ,
842 705 1056 760 chymicae
1108 702 1229 758 leges
1280 699 1505 757 paulatim

199 771 466 822 succedunt,
503 784 701 827 quarum
733 781 816 824 ope
849 766 1119 806 carbonium
1144 761 1322 804 fructus
1343 761 1505 801 sensim

192 833 450 888 sensimque
473 829 657 878 avolat;
687 835 797 868 tuno
824 826 1060 884 proportio
1094 822 1291 879 oxygeni
1312 852 1323 870 ‚
1354 827 1400 860 et
1424 819 1507 875 hy-

192 892 381 948 drogeni
418 892 517 947 ejus
569 889 714 943 major
745 885 794 927 fit
817 919 828 937 ,
861 894 905 927 et
957 884 1119 925 dulces
1149 915 1160 933 ‚
1210 882 1507 936 mitioresque

194 954 316 1009 parit
346 965 502 993 succos
521 982 530 991 .
561 949 695 990 Forte
728 954 772 988 et
803 945 899 987 aliae
921 943 1244 986 dissolutiones
1267 973 1278 991 ‚
1310 955 1502 997 compo—

197 1014 477 1068 sitIOnesque
507 1011 781 1065 contingunt
811 1009 857 1047 in
891 1005 1144 1048 substantia
1174 1000 1371 1050 fructus,
1405 1001 1508 1056 qui-

201 1072 290 1112 bus
322 1071 411 1111 haec
444 1069 600 1112 eadem
631 1069 918 1110 obtinentur.
952 1063 1209 1106 Peculiaris
1253 1074 1361 1102 vero
1414 1058 1510 1100 caeli

202 1133 442 1188 temperies
474 1130 624 1171 omnia
655 1129 900 1170 comitatur
929 1159 939 1176 ‚
973 1139 1070 1182 quae
1103 1123 1281 1164 diversa
1311 1121 1511 1176 requiri-

205 1199 284 1231 tur
307 1206 389 1247 pro
421 1190 613 1230 diversis
639 1187 869 1229 fructibus
889 1219 897 1228 .
918 1186 1018 1226 Haeo
1050 1199 1158 1225 cum
1197 1181 1473 1237 contigerint
1497 1211 1508 1227 ‚

202 1251 387 1291 tandem
409 1249 591 1290 fructus
625 1255 827 1289 maturat
850 1279 861 1297 ,
894 1253 939 1287 et
969 1260 995 1287 a
1029 1250 1217 1302 parente
1250 1241 1507 1298 sejungitur

200 1325 362 1352 novam
384 1309 586 1353 sobolem
610 1323 717 1349 mox
748 1308 939 1348 daturus
958 1338 967 1347 .

681 1427 832 1469 CAPUT
892 1424 1018 1467 VIII.

504 1561 565 1587 DE
597 1558 779 1588 PLANTIS
812 1555 1176 1586 AcoTYLEDONffls
1196 1574 1206 1583 .

601 1725 843 1768 Character
866 1725 1080 1782 proprius
1107 1755 1117 1764 .

265 1909 310 1964 ξ.
354 1910 454 1962 410.
498 1907 677 1950 Plantce
729 1905 1049 1962 acotyledoneae
1097 1907 1237 1950 sunt,
1292 1912 1389 1956 quae
1431 1915 1513 1940 na-

209 1975 395 2011 scuntur
425 1983 451 2008 a
479 1968 677 2026 gongylo
701 2000 712 2018 ‚
760 1975 805 2008 et
827 1964 1097 2020 cotyledone
1122 1962 1514 2020 phaenogamarum

209 2036 367 2069 carent
396 2038 553 2070 contra
584 2029 850 2070 sententiam
881 2024 1096 2067 Bernardi
1142 2023 1312 2072 Jussiaei
1337 2053 1348 2071 ‚
1393 2020 1515 2061 Hed-

210 2091 361 2146 wigii,
406 2088 558 2130 Neesii
608 2089 666 2130 ab
723 2085 1010 2135 Essenbeck,
1066 2081 1353 2130 Kauffussii,
1398 2080 1515 2121 alio-

215 2164 409 2205 rumque
433 2181 443 2199 ,
478 2151 557 2206 qui
589 2148 662 2190 vel
686 2147 850 2189 folium
889 2147 1129 2204 persistens
1159 2143 1386 2185 Marsileae
1409 2173 1419 2189 ‚
1442 2138 1516 2181 vel

212 2211 493 2250 nascentium
554 2208 817 2250 Muscoram
876 2214 1046 2248 statum
1096 2203 1212 2245 facie
1254 2200 1478 2256 Corzfervae
1504 2232 1515 2249 ⁷

214 2268 288 2311 vel
314 2276 641 2325 turgescentem
672 2267 997 2325 epidermidem
1028 2265 1244 2308 Peteridis
1274 2265 1515 2308 serrulam,
