1669 2563
193 186 249 239 48

142 288 262 332 Ulmi
290 291 454 342 ramis,
486 291 566 347 qui
588 289 679 345 jam
700 287 990 331 bullivissent
1009 319 1019 338 ‚
1045 292 1183 328 strata
1206 298 1421 326 vasorum

135 349 292 391 mallei
325 350 493 391 ictibus
531 348 799 399 divelleret,
846 346 1124 390 medullares
1169 344 1320 386 radios
1364 343 1422 384 ad

134 413 360 452 exteriora
393 411 651 450 continuari
683 409 858 450 detexit
882 441 891 459 ,
925 416 969 449 et
1000 421 1090 463 qua
1135 413 1262 462 parte
1297 419 1423 461 gem-

134 485 208 511 ma
238 469 549 527 pullulaverat
579 485 602 510 e
635 483 758 510 ramo
785 502 796 520 ,
830 470 1097 510 crassiorem
1119 463 1327 506 medullae
1356 478 1424 504 ra-

137 530 264 571 dium
296 545 347 571 eo
379 529 494 571 vidit
524 532 778 586 pertingere
805 561 815 570 .

195 590 239 645 §.
277 590 370 632 162.
402 588 534 630 Radii
565 588 873 639 medullares,
921 601 1012 644 quo
1057 585 1390 626 numerosiores
1411 613 1422 632 ,

135 649 210 691 vel
241 649 501 706 grandiores
528 682 539 700 ,
572 664 624 690 eo
656 651 798 706 magis
829 646 995 688 molem
1027 644 1236 686 medullae
1272 644 1426 683 immi-

137 717 303 760 nuunt,
324 724 519 766 cumque
545 708 739 750 cellulas
768 706 1133 766 parenchymatis
1155 702 1426 744 medullaris

138 769 369 810 abducant
386 802 397 820 ‚
424 777 469 810 et
500 768 752 810 distrahant
771 801 781 818 ,
814 768 914 808 ideo
941 765 1237 822 amplitudini
1261 763 1426 804 harum

137 829 414 870 cellularum
446 829 656 886 augendae
682 827 972 869 conducunt.
1002 826 1105 877 Quae
1139 825 1427 882 phaenomena

140 888 249 929 olim
281 889 458 931 diverso
492 896 623 946 pacto
656 888 881 946 explicuit
908 885 1147 927 Linckius.
1181 882 1427 925 Contendit

140 951 260 989 enim
283 981 294 999 ,
346 949 693 990 diminutionem
742 946 951 988 medullae
1003 945 1196 1002 pendere
1242 959 1266 983 a
1299 945 1428 982 novis

139 1008 350 1060 tracheis,
373 1023 468 1065 quae
493 1011 709 1049 continuo
732 1005 968 1065 pullulant
989 1007 1105 1045 intra
1127 1001 1428 1044 medullarem

140 1069 307 1110 tubum
330 1101 342 1120 ,
376 1067 728 1124 amplitudinem
759 1081 865 1108 vero
905 1063 1184 1106 cellularum
1218 1060 1428 1102 medullae

142 1129 201 1169 ab
223 1130 324 1170 nisu
347 1125 601 1184 proficisci,
628 1142 719 1184 quo
742 1126 930 1168 tracheae
956 1127 1002 1165 in
1023 1125 1250 1165 exteriora
1271 1129 1427 1178 agunt,

143 1196 189 1229 et
212 1187 482 1245 impellunt.
515 1187 575 1228 At
605 1188 694 1228 haec
726 1200 946 1227 novarum
979 1183 1265 1224 trachearum
1297 1196 1432 1237 gene-

147 1251 207 1288 sis
237 1262 342 1288 cum
373 1248 558 1287 minime
577 1280 587 1297 ‚
621 1254 702 1287 aut
733 1260 812 1303 per
845 1244 1052 1286 accidens
1078 1250 1254 1282 tantum
1280 1241 1430 1290 detur,

143 1322 249 1348 cum
282 1308 396 1348 ratio
427 1305 558 1346 nulla
590 1309 647 1347 sit
671 1338 682 1357 ,
721 1320 803 1346 cur
849 1319 956 1345 vasa
996 1300 1244 1343 trachealia
1290 1303 1432 1356 magis

141 1375 298 1408 contra
328 1367 628 1407 resistentiam
653 1366 871 1420 majorem
917 1363 1059 1420 ligni,
1093 1377 1230 1418 quam
1276 1368 1433 1400 contra

141 1429 363 1468 minorem
385 1458 396 1476 ,
429 1433 473 1467 et
504 1424 597 1468 sere
628 1425 805 1466 nullam
837 1422 1044 1464 medullae
1076 1425 1280 1462 nitantur
1306 1453 1316 1470 ,
1350 1435 1432 1460 cur

141 1488 262 1529 idem
292 1501 370 1528 vas
402 1485 506 1542 plus
537 1488 630 1527 vim
663 1500 789 1526 suam
811 1486 857 1524 in
885 1483 998 1523 hanc
1020 1514 1031 1532 ,
1065 1497 1202 1537 quam
1234 1479 1433 1520 inillam

143 1555 318 1605 partem
372 1553 581 1586 exerceat
607 1560 616 1584 ε
673 1558 813 1600 quare
866 1557 944 1582 nos
975 1574 985 1591 ‚
1044 1540 1203 1581 relicta
1254 1538 1433 1579 Linckii

143 1605 418 1664 hypothesi,
453 1607 651 1661 priorem
674 1617 916 1659 sequemur
949 1602 1213 1643 sententiam
1251 1599 1307 1640 ad
1348 1599 1432 1639 hoc

145 1667 467 1725 phaenomenon
498 1663 821 1722 explicandum
839 1693 849 1703 .

594 1782 732 1839 Origo
766 1780 939 1823 alburni
961 1814 971 1822 .

205 1906 250 1963 ᾗ.
288 1905 382 1947 163.
414 1902 879 1958 Dicotyledonearum
909 1899 1169 1958 plantarum
1200 1900 1435 1955 compagi-

146 1983 200 2010 ne
233 1967 407 2008 detecta
427 1997 437 2015 ‚
464 1966 700 2021 quaesitum
723 1970 789 2004 est
806 1995 816 2013 ,
841 1962 960 2002 unde
981 1994 991 2012 ‚
1020 1969 1065 2002 et
1086 1960 1314 2017 quomodo
1343 1962 1435 1999 ori-

147 2036 274 2070 retur
307 2025 554 2066 alburnum
575 2056 585 2065 .
617 2023 776 2064 Plures
800 2023 882 2063 hac
906 2022 960 2062 de
984 2037 1029 2062 re
1054 2023 1298 2061 sententiae.
1324 2018 1435 2060 Mal-

148 2087 332 2145 pighius
364 2086 469 2126 novi
502 2084 615 2141 ligni
655 2084 855 2140 germina
887 2084 934 2122 in
973 2083 1140 2122 cortice
1173 2079 1314 2120 latere
1348 2094 1436 2135 pu-

150 2156 246 2198 tat,
272 2160 367 2204 quae
398 2159 501 2185 cum
535 2152 648 2185 stato
674 2152 872 2199 tempore
900 2175 910 2192 ,
944 2151 988 2184 et
1008 2141 1361 2183 circumstantiis
1392 2154 1435 2179 se

150 2223 195 2249 se
226 2205 438 2248 evolvant
455 2237 467 2256 ,
499 2204 679 2245 demum
702 2205 949 2260 antiquiori
972 2202 1094 2259 ligno
1128 2199 1438 2257 superaddun-

148 2275 255 2316 tur;
288 2279 473 2323 remque
504 2264 590 2306 hoc
625 2270 893 2321 argumento
916 2264 1108 2320 probare
1131 2262 1311 2317 satagit.
1341 2259 1438 2299 Na·-

151 2336 256 2369 tura
283 2325 401 2369 nihil
431 2339 511 2383 per
544 2323 712 2369 saltum
731 2325 826 2382 agit
843 2356 855 2375 ‚
888 2331 933 2364 et
954 2329 1119 2364 cuncta
1140 2337 1162 2362 e
1185 2320 1434 2376 longinquo
