1669 2563
234 133 311 174 126

168 240 344 296 ignota,
378 236 486 279 licet
516 236 794 287 Herodotus,
824 243 869 277 et
900 234 1241 293 Theophrastus
1270 235 1325 276 de
1356 234 1456 292 pul-

167 300 287 340 veris
317 300 573 356 aspersione
617 297 864 354 loquantur
892 328 903 345 ,
934 310 1027 353 qua
1057 295 1226 337 Palmae
1270 295 1456 337 foeminae

168 359 227 399 ad
259 358 589 400 conservandos
619 357 798 399 fructus
830 370 964 406 suos,
996 362 1050 395 ut
1099 370 1258 396 eorum
1306 355 1460 396 verbis

172 426 300 469 utar,
331 418 616 460 ducebantur
636 449 647 468 ,
668 415 814 458 veluti
841 418 876 457 si
904 414 1110 457 fructum
1131 416 1222 470 jam
1245 417 1338 456 sine
1359 413 1461 471 pul-

170 493 277 520 vere
309 480 650 535 concepissent.
682 475 742 517 Et
773 475 948 516 Plinius
977 474 1162 532 quidem
1197 489 1353 517 sexum
1373 506 1384 524 ,
1415 480 1462 514 et

171 538 394 580 humanos
425 537 615 579 affectus
646 534 884 578 transtulit
919 537 967 576 in
995 535 1182 576 Palmas
1206 566 1218 586 ‚
1265 548 1463 591 quarum

171 614 345 640 marem
375 596 559 648 afflatu,
583 598 778 653 visuque
799 597 897 651 ipso
917 626 928 645 ‚
950 602 994 635 et
1014 594 1202 652 pulvere
1233 597 1368 636 etiam
1389 593 1464 635 foe-

172 661 319 699 minas
342 660 557 700 maritare
588 656 736 706 dixit,
769 656 845 697 sed
883 655 1004 696 dixit
1047 654 1101 696 de
1144 657 1465 711 imaginatione

171 720 336 760 inentis
366 733 452 759 suae
471 750 483 768 ‚
516 718 670 774 potius
700 731 839 773 quam
874 715 928 756 de
960 730 1113 756 rerum
1144 717 1325 756 notitia.
1358 713 1466 754 Ete-

171 781 267 819 nim
295 777 411 820 hanc
443 777 648 834 pulveris
680 777 982 832 aspersionem
1012 789 1064 816 eo
1095 773 1190 816 fieri
1235 790 1342 815 cum
1385 789 1464 815 ve-

175 839 353 879 teribus
384 838 595 880 omnibus
625 835 823 877 eredidit
845 867 856 884 ‚
889 849 978 875 non
1008 842 1062 874 ut
1107 836 1340 891 generatio
1383 834 1467 875 ha-

172 899 359 940 beretur
388 929 400 948 ,
432 896 511 942 sed
541 903 595 936 ut
643 893 968 936 absorberetur
1014 893 1178 935 humor
1227 902 1352 935 tener
1380 926 1391 944 ,
1423 900 1468 934 et

175 973 284 998 curn
314 957 514 1014 quadam
545 954 795 1011 fragilitate
826 953 1109 1009 ponderosus
1132 986 1143 1004 ‚
1175 959 1258 1009 qui
1290 953 1471 1010 lapsum

175 1017 357 1059 fructus
385 1015 499 1057 alias
530 1029 685 1056 secum
715 1013 905 1054 duceret
931 1045 942 1062 ‚
971 1020 1110 1068 prout
1152 1013 1271 1053 idem
1293 1013 1472 1054 Plinius

179 1085 336 1135 aperte
359 1076 541 1125 docuit,
563 1089 670 1115 cum
689 1072 916 1129 loquutus
940 1079 1008 1112 est
1027 1071 1082 1113 (le
1102 1071 1440 1129 caprificatione
1458 1104 1470 1122 ,

175 1152 316 1194 quam
360 1143 535 1178 veteres
564 1147 717 1176 omnes
752 1147 859 1174 cum
890 1131 1150 1174 Palmarum
1183 1131 1474 1174 foecunditate

178 1196 509 1254 comparabant
539 1225 549 1235 .

236 1257 288 1312 ᾗ.
317 1257 426 1298 382.
459 1254 575 1295 Item
604 1251 790 1295 nullum
822 1267 1012 1304 sexum,
1043 1250 1315 1310 nullamque
1347 1267 1477 1309 gene-

177 1319 404 1359 rationem
433 1322 608 1357 veteres
637 1314 872 1371 agnovisse
908 1315 955 1354 in
999 1312 1168 1370 plantis
1212 1312 1475 1355 luculenter

177 1383 306 1435 patet
335 1390 393 1417 ex
423 1389 477 1417 eo
502 1407 514 1426 ,
546 1375 672 1432 quod
702 1388 824 1415 nunc
871 1388 955 1430 pro
998 1388 1123 1415 mare
1143 1406 1155 1426 ‚
1201 1381 1247 1415 et
1296 1372 1480 1415 foemina

177 1440 318 1478 unius
347 1435 643 1492 ejusdemque
676 1434 841 1491 speciei
872 1434 1043 1490 species
1087 1448 1275 1490 prorsus
1323 1433 1477 1474 diver-

177 1513 249 1539 sas
283 1498 491 1538 sisterent
511 1528 523 1545 ,
545 1509 667 1536 nunc
698 1500 781 1535 aut
813 1507 896 1549 pro
917 1508 1040 1534 mare
1059 1525 1071 1544 ,
1094 1501 1176 1534 aut
1196 1508 1278 1550 pro
1300 1491 1479 1534 foemina

185 1557 437 1606 haberent,
470 1570 567 1612 quae
597 1556 734 1610 stirps
767 1560 1017 1610 utrumque
1063 1568 1223 1594 sexum
1272 1552 1478 1610 posside-

180 1625 251 1659 ret
269 1649 280 1667 ‚
311 1630 434 1657 nunc
460 1616 657 1671 denique
688 1613 892 1654 dicerent
916 1612 1120 1670 plantam
1146 1628 1318 1654 marem
1338 1645 1348 1663 ,
1381 1627 1480 1668 quae

184 1684 302 1718 esset
330 1675 511 1717 foemina
522 1707 535 1727 2
565 1673 640 1716 vel
668 1672 918 1725 foeminam,
950 1688 1047 1731 quae
1076 1672 1344 1716 masculinis
1375 1680 1478 1713 tan-

182 1745 284 1778 tum
308 1737 488 1793 organis
518 1733 717 1792 polleret
735 1766 744 1776 .

244 1796 289 1852 §.
308 1797 410 1837 383.
432 1795 626 1851 Prosper
648 1793 845 1851 Alpinus
865 1792 1043 1834 decimo
1066 1803 1193 1836 sexto
1218 1791 1380 1835 saeculo
1401 1808 1480 1849 per

185 1857 437 1913 AEgyptum
467 1858 554 1896 iter
584 1853 754 1896 faciens
785 1853 1052 1911 diligentius
1081 1854 1404 1895 animadvertit
1435 1854 1484 1893 in

185 1917 448 1958 Palmarum
476 1914 817 1957 foecunditatem
842 1946 855 1965 ,
900 1916 1204 1971 cognovitque
1230 1947 1241 1964 ,
1280 1913 1484 1955 foeminas

188 1992 245 2018 ex
277 1978 533 2033 aspersione
563 1973 769 2031 pulveris
810 1976 950 2015 maris
995 1989 1151 2031 reapse
1194 1973 1482 2022 foecundari,

188 2035 315 2094 quod
344 2035 532 2093 quidem
563 2037 611 2075 in
644 2034 822 2077 deserto
868 2034 1104 2091 obtingere
1148 2049 1206 2075 ex
1252 2033 1486 2074 Arabibus

189 2095 409 2147 edidicit,
441 2110 548 2137 curn
577 2097 703 2136 venti
741 2110 768 2135 a
811 2097 1009 2136 marium
1052 2096 1189 2135 ramis
1233 2093 1445 2151 pulveres
1472 2124 1484 2143 ‚

188 2154 414 2212 floresque
444 2155 502 2197 ad
534 2170 684 2196 ramos
714 2154 999 2196 foeminarum
1025 2154 1241 2196 afferrent
1264 2187 1273 2195 .

249 2216 299 2271 ὃ.
320 2218 420 2270 384,
443 2216 621 2257 Interea
637 2215 840 2257 Andreas
861 2214 1139 2272 Caesalpinus
1167 2211 1484 2271 pulvisculum

191 2291 317 2318 more
365 2277 625 2319 Palmaram
674 2275 826 2320 adesse
877 2278 924 2317 in
976 2275 1179 2319 Cannam<
1205 2307 1216 2326 ,
1263 2273 1444 2332 Lupulo
1472 2305 1484 2322 ,
