1669 2563
1332 129 1417 185 273

191 254 334 297 quare
376 238 556 281 nullum
597 235 762 278 folium
798 234 1121 293 amplexantur
1144 266 1155 284 ,
1182 250 1262 276 nec
1299 235 1478 277 foliatio

191 300 282 342 haec
306 296 624 342 confundenda
645 310 749 337 cum
771 293 1008 336 foliatione
1032 295 1269 336 imbricata
1290 328 1300 346 ‚
1333 294 1406 337 vel
1439 310 1482 335 e-

188 363 397 418 quitante
416 391 426 400 .

247 419 430 461 Plicata
452 449 464 467 ‚
495 430 600 456 cum
630 412 742 455 folia
773 411 934 453 multis
966 408 1099 468 plicis
1150 427 1229 469 per
1275 412 1480 471 longitu-

187 478 339 520 dinem
369 474 706 533 complicantur
737 470 910 514 flabelli
942 473 1082 512 instar
1101 503 1111 512 .

245 537 483 579 Reclinata
506 567 518 585 ‚
548 549 655 575 cum
685 531 798 575 folia
829 530 1054 589 petiolum
1081 545 1238 573 versus
1269 530 1480 572 deorsum

186 595 480 638 reflectuntur
498 627 508 637 .

245 655 508 707 Circinalis,
539 669 644 696 cum
676 650 790 694 folia
820 650 1035 694 deorsum
1064 651 1177 692 cirri
1223 649 1360 692 modo
1410 664 1482 691 re-

183 714 435 758 volvuntur
453 747 464 758 .

748 770 883 814 Folia
905 805 915 815 .

241 894 287 951 ξ.
340 894 435 937 150.
486 892 618 935 Folia
671 892 1032 934 determinantur
1065 904 1091 931 a
1134 887 1238 930 loco
1257 921 1268 939 ,
1318 903 1482 932 nume-

181 969 234 996 ro
263 987 276 1006 ,
323 956 574 996 directione
607 986 618 1004 ‚
663 953 908 994 insertione
933 984 944 1003 ,
989 949 1136 1008 figura
1165 982 1176 1001 ,
1232 951 1435 1007 margine
1467 980 1480 997 ,

181 1017 311 1072 apice
331 1048 343 1066 ‚
375 1012 610 1072 superficie
636 1045 647 1064 ,
680 1013 932 1054 substantia
951 1044 962 1062 ‚
1008 1012 1287 1052 dimensione
1318 1042 1328 1060 ,
1377 1011 1478 1050 vitae

181 1084 384 1134 tempore
402 1106 416 1126 ,
441 1075 769 1133 compositione
791 1104 803 1123 ‚
834 1071 1221 1130 decompositione
1249 1101 1260 1111 .
1301 1069 1481 1111 Dicun-

183 1145 261 1178 tur

245 1195 484 1237 Radicalia
506 1227 518 1246 ,
550 1194 733 1236 caulina
759 1225 770 1244 ‚
800 1205 954 1233 ramea
983 1225 994 1243 ,
1013 1190 1201 1248 floralia
1225 1220 1242 1241 ,
1271 1204 1377 1230 cum
1409 1189 1480 1230 in-

180 1256 330 1298 sident
360 1255 504 1296 radici
530 1287 541 1306 ,
572 1253 697 1295 cauli
720 1285 732 1305 ,
766 1267 893 1294 ramo
920 1285 932 1304 ,
965 1252 1038 1295 vel
1065 1252 1276 1309 proxima
1308 1247 1409 1290 flori
1429 1280 1438 1290 .

241 1316 431 1366 Pauca,
457 1315 655 1373 plurima
679 1346 691 1364 ‚
725 1327 858 1355 unum
881 1345 893 1363 ,
926 1313 1013 1355 duo
1039 1345 1050 1364 ‚
1084 1314 1170 1353 tria
1200 1312 1286 1352 ὥσ.

240 1375 429 1418 Alterna
452 1407 464 1428 ,
511 1374 703 1418 disticha
726 1406 738 1425 ‚
791 1387 952 1431 sparsa
974 1405 987 1426 ,
1039 1370 1239 1428 conferta
1263 1402 1274 1423 ,
1333 1368 1480 1411 imbri-

179 1446 285 1478 cata
315 1468 325 1476 .

240 1495 422 1552 Bzsaria
441 1527 452 1546 ,
484 1496 531 1540 in
562 1493 786 1536 lateribus
829 1493 1052 1551 oppositis
1102 1497 1283 1532 tantum
1334 1496 1440 1531 nata
1469 1519 1482 1539 ,

179 1562 226 1597 et
259 1555 506 1598 exadverso
539 1555 712 1597 directa
734 1585 744 1596 .

240 1616 284 1657 F
285 1616 532 1657 asciculata
553 1647 566 1666 ,
594 1614 732 1674 plura
761 1628 817 1655 ex
847 1612 1007 1655 eodem
1038 1618 1210 1670 puncto
1250 1609 1483 1667 prodeun-

179 1679 243 1718 tia
269 1707 282 1727 ,
313 1690 409 1733 quae
443 1690 552 1733 saepe
595 1677 727 1731 juvat
770 1688 1010 1716 numerare
1036 1705 1048 1725 ,
1094 1679 1140 1713 et
1184 1668 1405 1713 dicuntur
1452 1683 1480 1710 a

179 1751 373 1778 numero
399 1735 503 1776 bina
521 1768 532 1786 ,
565 1745 690 1777 terna
721 1736 806 1777 ὀνο.

237 1797 521 1854 Confluentia
544 1827 556 1846 ,
587 1797 686 1838 basi
722 1797 839 1836 inter
870 1809 916 1836 se
949 1808 994 1835 se
1017 1790 1291 1833 cohaerentia
1316 1822 1326 1833 .

238 1856 602 1914 Approximata‚
635 1863 798 1897 remota
817 1886 829 1905 ‚
863 1856 1075 1910 opposita
1099 1884 1110 1904 ,
1143 1853 1380 1893 decussata
1412 1881 1422 1891 .

246 1917 523 1960 Verticillata
538 1948 549 1967 ,
579 1916 760 1957 stellata
778 1947 789 1967 ‚
824 1914 978 1973 plura,
1001 1927 1140 1970 quam
1162 1912 1272 1962 duo,
1298 1909 1482 1951 caulem

180 1977 338 2019 eodem
370 1992 485 2036 gyro
516 1977 791 2026 ambientia,
825 1990 921 2033 quae
951 1974 1185 2017 numerari
1220 1970 1404 2022 solent,
1437 1977 1483 2011 et

181 2037 398 2079 dicuntur
430 2038 848 2080 verticillato-terna
875 2068 887 2087 ‚
919 2044 1139 2092 quaterna
1161 2065 1173 2085 ,
1206 2035 1345 2089 quina
1375 2032 1464 2074 eye.

241 2096 404 2138 Erecta
429 2130 441 2149 ,
472 2100 629 2141 stricta
650 2129 664 2148 ‚
696 2098 840 2153 rigida
867 2129 878 2139 .

241 2156 473 2213 Appressa
497 2190 509 2210 ‚
541 2158 669 2199 disco
700 2160 1021 2214 approximata
1051 2151 1174 2196 cauli
1206 2185 1216 2194 .

242 2216 486 2268 Patentia,
506 2219 847 2274 patentissima,
881 2218 964 2260 uhi
998 2213 1167 2273 angulo
1201 2219 1338 2254 acuto
1363 2245 1374 2263 ‚
1406 2208 1480 2253 vel

183 2285 308 2320 recto
345 2277 585 2321 discedunt
615 2293 642 2320 a
669 2273 803 2320 caule
829 2307 838 2319 .
1274 2332 1300 2372 8

1251 2347 1265 2373 1
