1669 2563
1273 136 1353 190 195

188 233 438 285 Orchidea,
471 248 567 291 quae
601 231 741 276 habet
789 235 1076 291 perigenium
1125 238 1372 293 epigynum
1401 272 1412 290 ‚

128 291 404 352 plerumque
432 294 691 336 coloratum
714 325 725 343 ‚
758 292 1082 350 hexapetalum
1100 326 1111 343 ‚
1151 311 1253 337 raro
1304 315 1418 355 pen-

126 354 407 411 tapetalum,
439 368 528 393 una
557 355 655 393 vice
686 353 994 408 octopetalum
1021 385 1032 402 ,
1066 369 1264 409 quorum
1290 366 1419 413 peta-

125 410 280 454 lorum
310 427 453 455 unum
485 411 677 468 reliquis
702 412 923 453 dissimile
947 445 958 462 ‚
992 427 1101 469 saepe
1134 418 1304 469 postiee
1342 432 1419 473 ap-

124 472 472 528 pendiculatum
502 471 766 522 descendit,
799 480 844 513 et
875 473 1047 513 dieitur
1079 474 1286 515 labellum
1309 508 1320 526 ‚
1354 478 1418 517 la-

125 530 240 572 bium
260 564 272 583 ‚
304 530 440 572 barba
467 563 478 582 ,
510 530 717 572 Linnaeus
747 539 990 573 vocaverat
1034 536 1277 574 nectarium
1301 567 1311 586 ,
1346 551 1420 576 re-

121 589 251 647 liqua
281 590 544 632 ascendunt.
575 591 755 633 Cuncta
781 599 901 632 stant
931 591 1089 634 ordine
1106 593 1301 650 duplici,
1335 597 1419 635 sci-

123 648 234 692 licet
262 650 465 706 quaedam
491 657 597 691 sunt
626 652 853 692 exteriora
872 684 882 701 ‚
921 652 1125 709 quaedam
1166 655 1382 695 interiora
1401 687 1410 696 .

124 708 368 751 Exteriora
409 712 560 752 omnia
585 743 596 761 ‚
630 718 675 752 et
709 710 801 751 duo
829 726 883 752 ex
913 713 1210 755 interioribus
1238 714 1417 756 labium

121 772 331 826 superius
371 769 689 827 polypetalum
737 771 1073 827 quodammodo
1118 773 1328 816 formant.
1360 774 1419 816 U-

121 843 232 870 num
258 845 313 870 ex
340 831 638 872 interioribus
659 831 907 887 dependet,
930 840 974 873 et
1004 831 1180 874 labium
1206 830 1415 885 inferius,

124 890 218 930 Sive
239 888 467 931 labellum
497 892 630 932 sistit.
663 891 785 932 Inter
827 888 1081 948 utrumque
1117 893 1293 936 labium
1330 903 1417 936 stat

117 952 472 1006 gynostemium.
496 950 614 992 Cum
638 949 815 992 labium
841 955 1051 1008 superius
1077 954 1417 1011 pentapetalum

121 1017 190 1050 est
212 1041 223 1060 ,
257 1009 408 1066 petala
429 1011 527 1065 ejus
548 1010 864 1067 peculiaribus
892 1014 1154 1054 nominibus
1175 1029 1200 1054 a
1223 1016 1418 1071 quihus-

118 1068 223 1110 dam
256 1071 526 1112 auctoribus
549 1070 763 1111 distincta
794 1102 803 1111 .
826 1070 1005 1113 Etenim
1038 1072 1240 1129 petalum
1264 1090 1417 1132 supre-

119 1142 267 1179 mum,
290 1129 414 1186 quod
435 1132 585 1171 statim
610 1133 1010 1188 superimpositum
1031 1137 1331 1190 gynostelnio,
1353 1135 1420 1176 di-

118 1197 246 1230 ctum
279 1197 345 1231 est
375 1199 574 1240 scutum,
606 1191 678 1232 vel
710 1191 870 1245 galea,
904 1192 1055 1249 petala
1088 1192 1296 1236 lateralia
1322 1195 1415 1236 duo

119 1256 309 1289 externa
333 1251 587 1304 petalorum
616 1252 796 1291 nomine
828 1254 1009 1309 proprie
1041 1262 1201 1294 vocata
1225 1287 1236 1304 ‚
1269 1262 1313 1296 et
1351 1257 1418 1295 in-

118 1310 286 1349 teriora
309 1309 400 1350 duo
431 1342 441 1359 ,
468 1325 564 1366 quae
597 1312 681 1351 sita
704 1311 819 1351 inter
853 1311 1025 1368 petala,
1052 1321 1095 1353 et
1126 1323 1306 1355 scutum
1328 1347 1337 1365 ‚
1366 1329 1416 1355 0-

109 1369 300 1424 percula
329 1368 517 1410 fuerunt
538 1378 823 1426 nuncupata.
855 1371 1043 1413 Corona
1067 1373 1282 1415 orchidea
1308 1389 1414 1432 prae-

116 1428 196 1470 het
221 1435 351 1469 notas
383 1438 618 1485 sequentes
645 1461 655 1479 ,
688 1430 802 1470 idest
829 1431 999 1472 dicitur

172 1487 372 1543 Ringens
396 1521 406 1538 ‚
439 1504 544 1530 cum
577 1488 700 1530 labia
732 1488 904 1531 hiantia
936 1491 1107 1531 distant
1135 1524 1144 1533 .

172 1547 485 1603 Resupinata,
518 1564 625 1590 cum
655 1548 833 1592 labium
866 1552 1075 1608 superius
1102 1550 1234 1609 longe
1267 1554 1416 1610 majus

118 1606 336 1649 inferiore
361 1640 371 1649 .

171 1667 411 1709 Cucullata
435 1700 446 1718 ‚
476 1683 583 1709 cum
614 1667 766 1724 petala
798 1671 949 1711 omnia
995 1669 1112 1712 labii
1163 1673 1414 1728 superioris

114 1727 380 1769 coalescunt
429 1730 558 1785 apice
584 1760 595 1777 ‚
659 1736 704 1768 et
751 1732 1028 1771 conveniunt
1077 1732 1123 1770 in
1174 1731 1414 1773 cucullum

114 1786 221 1844 plus
245 1789 396 1829 minus
417 1796 693 1845 porrectum.
726 1788 861 1840 Sunt,
895 1792 975 1847 qui
1000 1798 1147 1831 totum
1172 1791 1414 1834 cucullum

112 1849 251 1901 galeae
280 1850 459 1889 nomine
491 1849 726 1905 designant
755 1882 764 1890 .

115 1905 331 1949 Praeterea
362 1907 513 1965 petala
545 1908 657 1950 labli
684 1910 934 1966 superioris
965 1910 1184 1952 dicuntur

176 1965 461 2009 Conniventia
485 2001 495 2019 ,
528 1983 635 2010 cum
668 1971 783 2010 inter
829 1985 873 2011 se
925 1986 970 2012 se
1021 1974 1266 2013 connivent
1319 1975 1414 2015 sine

115 2025 362 2068 adhaesione
393 2043 530 2085 supra
561 2031 895 2086 gynostemium
923 2063 932 2072 .

174 2085 390 2127 Patentia
414 2120 425 2138 ‚
457 2103 562 2130 cum
592 2097 748 2146 aperta
782 2090 1000 2131 recedunt
1028 2106 1054 2132 a
1085 2095 1369 2149 gynostelnio
1401 2125 1411 2135 .

174 2144 404 2188 Lateralia
437 2147 733 2189 horizontalm
757 2181 767 2200 ,
809 2151 1100 2205 dependentia
1119 2185 1129 2202 ‚
1156 2161 1240 2193 aut
1274 2161 1409 2193 retro-

104 2204 233 2261 flexa
258 2236 269 2256 ‚
301 2221 407 2247 cum
439 2206 666 2248 horizonti
698 2209 920 2265 parallela
940 2242 951 2261 ,
983 2211 1055 2252 vel
1088 2211 1209 2253 infra
1241 2211 1409 2253 lineam

115 2264 442 2310 horizontalem
463 2299 474 2318 ‚
513 2275 594 2310 aut
623 2270 687 2309 ita
719 2276 971 2314 retroversa
994 2303 1005 2323 ‚
1034 2278 1088 2312 ut
1119 2286 1163 2313 se
1196 2287 1240 2315 se
1273 2271 1408 2313 dorso

120 2326 394 2381 respiciant.
