1669 2563
1343 116 1420 170 187

244 225 524 284 Cylindricus
545 258 556 276 ‚
588 224 703 266 idest
732 220 979 264 tubulosus
1003 253 1014 272 ‚
1048 229 1092 262 et
1124 230 1236 263 teres
1260 253 1270 262 .
1294 221 1487 264 Contra-

187 288 283 328 rius
336 299 602 343 compressus
629 316 638 325 .

247 346 487 397 Clavatus,
505 343 677 385 inferne
709 338 1184 396 tubulosus,superne
1213 341 1486 381 incrassatus

186 405 322 447 clavae
352 405 487 446 modo
515 435 525 445 .

241 465 594 520 Campanulatus
620 492 632 512 ,
664 473 905 510 concavus,
938 457 1119 516 longus,
1152 465 1196 499 et
1234 458 1326 514 jam
1350 472 1376 498 a
1400 458 1484 498 ba-

184 525 223 566 si
255 524 472 565 dilatatus
497 555 508 565 .

237 583 509 640 Cupalaris‚
542 578 909 638 campanulatus,
941 584 986 618 et
1014 578 1166 620 brevis
1190 608 1200 618 .

237 641 454 694 Gorneas,
474 644 575 684 coni
606 643 747 682 instar
778 640 878 682 basi
910 638 1030 679 latus
1049 671 1061 689 ‚
1094 651 1287 694 superne
1317 636 1478 677 sensim

177 703 436 760 sensimque
471 709 739 760 angustatus
769 731 778 740 .

245 761 534 812 Turbinatus‚
560 761 748 803 obverse
774 760 964 799 conicus
986 789 998 808 ,
1031 763 1077 797 at
1099 757 1250 798 brevis
1270 788 1279 797 .

240 821 476 876 Globosus,
508 822 705 878 inflatus,
722 820 916 861 vesicam
949 817 1184 875 globosam
1224 812 1436 857 aemulans
1469 846 1479 855 .

234 880 466 926 Neroosas
505 915 516 933 ‚
543 890 746 923 costatus
778 894 803 919 a
833 880 982 920 nervis
1014 876 1375 934 prominentibus
1399 907 1408 916 .

236 941 494 998 Angulosus
528 942 587 984 ab
637 938 817 998 angulis
860 936 1310 996 longitudinalibus‚
1358 933 1480 975 unde

167 1011 460 1059 pentagonus
481 1035 491 1052 ,
520 1003 773 1057 *decagonus
801 1000 885 1040 &a

238 1062 529 1105 Prismaticus
560 1062 618 1103 ab
650 1058 832 1117 angulis
862 1073 1025 1115 parum
1069 1055 1433 1115 prominentibus
1460 1086 1472 1105 ,

173 1129 220 1163 et
251 1121 456 1165 faciebus
481 1122 629 1180 planis
660 1123 776 1161 inter
810 1117 1046 1176 angulum,
1079 1125 1124 1158 et
1154 1115 1390 1173 angulum.

231 1181 428 1225 Striatus
454 1216 466 1234 ,
495 1183 693 1224 sulcatus
721 1195 748 1222 a
771 1181 890 1221 striis
910 1210 927 1232 ,
955 1177 1028 1220 vel
1060 1176 1198 1219 sulcis
1227 1175 1472 1233 longitudi-

171 1241 356 1284 nalibus
378 1276 388 1285 .

231 1302 523 1344 Auriculatus
552 1301 610 1343 ab
642 1297 973 1358 appendicibus
1024 1294 1208 1338 deflexis
1232 1326 1244 1347 ,
1281 1293 1469 1337 alternis

170 1373 277 1403 cum
311 1361 492 1404 laciniis
519 1363 681 1403 erectis
706 1392 716 1401 .

227 1420 463 1478 Spinosus‚
497 1422 743 1471 aculeatus,
787 1425 988 1460 armatus
1019 1417 1187 1474 spinis,
1231 1412 1306 1457 vel
1359 1429 1465 1457 acu-

168 1477 256 1521 leis
285 1513 294 1522 .
1338 1473 1341 1477 ”

225 1540 422 1594 Pilosas,
454 1541 662 1590 hirsutus,
693 1538 931 1596 adspersus
954 1570 965 1588 ,
998 1543 1144 1578 tectus
1175 1533 1281 1593 pilis
1311 1535 1465 1577 molli-

166 1599 254 1641 bus
283 1633 294 1651 ‚
327 1602 399 1644 vel
430 1602 618 1659 rigidis,
651 1599 775 1657 quod
808 1614 912 1640 eum
945 1597 1122 1648 diverso
1154 1602 1289 1653 pacto
1315 1598 1462 1638 obtin-

166 1668 244 1716 gat
266 1693 277 1711 ‚
312 1661 413 1704 ideo
446 1660 712 1718 hujusmodi
743 1667 855 1700 notae
904 1657 1147 1715 quaerendae
1179 1658 1226 1696 in
1259 1655 1459 1698 articulo

166 1720 220 1762 de
253 1720 358 1778 pilis
377 1754 386 1764 .

224 1781 390 1824 Scaber
419 1797 444 1823 a
476 1777 765 1838 corpusculis
794 1779 993 1820 minimis
1020 1779 1067 1819 in
1099 1772 1365 1833 superficie.

226 1841 404 1892 Glaber,
436 1841 558 1900 pilis,
590 1839 664 1883 vel
698 1839 911 1881 scabritie
938 1838 1185 1879 destitutus
1207 1870 1217 1880 .

224 1901 458 1945 Coloratas
479 1933 496 1956 ,
525 1917 632 1944 cum
663 1898 791 1942 color
823 1900 922 1955 ejus
954 1897 1108 1940 differt
1139 1913 1165 1940 a
1196 1897 1351 1940 colore
1382 1897 1455 1939 vi·-

165 1960 254 2001 ridi
277 1994 287 2004 .

225 2020 549 2078 Integerrimus‚
581 2019 771 2071 foliolis,
798 2019 980 2062 laciniis
1006 2052 1018 2069 ,
1048 2032 1126 2059 ore
1161 2020 1360 2060 intactus
1386 2049 1396 2058 .

224 2080 428 2125 Serratus
455 2115 466 2133 ,
498 2080 688 2131 foliolis,
722 2081 901 2122 laciniis
933 2080 1112 2121 ambitu
1145 2080 1326 2122 serratis
1355 2110 1365 2119 .

225 2139 414 2184 Ciliatus
445 2158 471 2184 a
500 2140 688 2184 fimbriis
713 2173 724 2191 ‚
773 2147 855 2181 aut
909 2139 1016 2197 pilis
1057 2137 1290 2195 parallelis
1333 2139 1455 2179 circa

165 2205 413 2260 marginem
442 2201 709 2244 foliolorum
729 2232 740 2251 ,
772 2209 853 2242 aut
883 2198 1156 2241 laciniarum
1181 2232 1191 2241 .

225 2264 398 2307 Acatus
427 2295 440 2315 ,
473 2265 751 2307 acuminatus
788 2262 847 2304 ab
877 2262 1007 2319 apice
1037 2258 1307 2304 laciniarum
1331 2291 1343 2311 ‚
1372 2263 1455 2300 aut
