1669 2563
260 192 313 233 52

191 312 272 353 per
304 292 484 337 caulem
514 292 741 343 incedant,
775 290 877 334 ideo
903 297 949 332 et
973 289 1062 331 haec
1089 286 1358 346 hypothesis
1377 290 1499 328 omni

192 356 497 398 fundamento
528 354 800 395 destituitur
821 386 830 394 .

255 417 299 471 §.
341 418 435 472 174.
466 415 647 468 Quibus
678 414 893 455 omnibus
923 410 1067 469 probe
1101 409 1333 467 perpensis
1362 440 1374 457 ‚
1408 423 1500 449 una

191 476 441 534 Malpighii
475 475 696 517 sententia
727 473 783 515 de
829 472 1016 514 alburni
1066 472 1216 527 genesi
1262 470 1501 510 verissima

193 545 265 576 est
286 569 297 586 ,
334 535 509 577 scilicet
534 533 787 576 alburnum
808 548 835 574 a
859 533 1049 581 cortice,
1074 533 1120 571 in
1151 544 1245 588 quo
1277 529 1375 583 ejus
1400 543 1503 584 ger-

191 598 323 638 mina
347 595 514 646 latent,
546 596 751 652 generari
780 626 790 635 .
823 593 975 646 Quare
1008 590 1169 648 plantae
1205 587 1502 643 dicotyledo—

196 671 287 697 neae
342 662 639 712 augmentum
692 655 751 696 ab
795 653 995 694 externis
1050 658 1238 693 sumunt
1265 682 1275 699 ‚
1316 656 1363 689 et
1394 662 1504 689 exo-

194 730 317 771 genae
347 717 453 771 jure
484 716 647 756 merito
679 729 705 755 a
750 710 1062 754 Decandolleo
1101 711 1256 752 dictae.
1291 708 1350 750 At
1408 723 1502 764 quo

196 783 331 833 pacto
362 775 408 815 id
430 773 523 825 fiat,
550 789 620 815 res
649 772 784 815 valde
817 773 1048 820 obscura3
1082 779 1128 812 et
1159 771 1304 827 magis
1355 767 1501 825 hypo-

198 836 312 877 thesi
338 866 348 884 ,
380 849 519 891 quam
544 836 609 875 rei
646 835 813 875 nititur
839 830 1043 873 Mirbelii
1063 830 1312 888 explicatio
1333 863 1344 880 ,
1371 843 1462 885 qua
1493 861 1503 878 ,

197 896 479 952 germinibus
526 895 632 934 novi
664 893 777 951 ligni
808 894 857 933 in
887 893 1059 932 cortice
1092 892 1252 948 positis
1275 923 1286 939 ,
1323 890 1413 930 haec
1441 889 1501 930 ab

199 952 415 995 affluente
446 953 614 995 cambio
646 955 693 994 in
720 951 797 993 fila
829 952 1092 993 tenuissima
1112 984 1122 1000 ‚
1159 949 1232 991 vel
1260 953 1307 990 in
1333 948 1502 1006 globu-

198 1014 268 1055 los
306 1015 466 1054 statuit
496 1011 682 1064 evolvi,
708 1012 829 1054 unde
859 1025 965 1053 vasa
987 1042 999 1061 ‚
1033 1019 1078 1052 et
1110 1008 1351 1052 cellularis
1384 1009 1499 1050 sub-

201 1075 368 1116 stantia
397 1073 587 1117 alburni
611 1104 624 1115 .

535 1190 725 1234 Ordines
756 1204 955 1234 vasorum
975 1191 1176 1232 eccentri.

261 1312 306 1366 ξ.
346 1312 441 1367 175.
474 1309 670 1353 Ordines
699 1323 916 1353 vasorum
944 1308 1058 1367 ligni
1084 1340 1095 1359 ,
1127 1322 1245 1365 quos
1269 1306 1511 1363 hucusque

202 1371 542 1428 descripsimus,
565 1368 838 1428 regulariter
858 1372 982 1411 circa
1007 1368 1261 1411 medullam
1287 1375 1512 1426 perpetuo

204 1447 293 1472 non
314 1432 616 1473 obversantur
637 1432 685 1471 in
708 1430 832 1472 hisce
858 1429 1050 1487 plantis.
1076 1428 1213 1480 Sunt,
1239 1430 1322 1486 qui
1347 1435 1511 1485 putent

203 1491 286 1532 hos
315 1489 411 1533 fieri
445 1493 733 1548 potissimum
764 1497 997 1532 eccentros
1020 1492 1068 1530 in
1097 1504 1150 1529 ea
1183 1489 1335 1530 trunci
1363 1495 1508 1543 parte,

204 1566 302 1607 quie
331 1551 389 1591 ad
435 1551 788 1607 septentrionem
818 1550 968 1606 vergit
991 1581 1002 1598 ‚
1050 1547 1130 1589 alii
1161 1556 1322 1589 contra
1352 1548 1400 1588 in
1448 1546 1511 1588 la-

205 1619 300 1652 tere
319 1642 330 1660 ‚
362 1610 488 1667 quod
509 1616 685 1667 spectat
708 1609 766 1650 ad
791 1609 1029 1650 meridiem
1053 1639 1064 1649 .
1091 1607 1300 1665 Utraque
1331 1614 1510 1648 senten-

207 1673 271 1711 tia
300 1671 460 1711 eodem
490 1667 685 1711 fulcitur
711 1676 980 1726 argumento
1001 1700 1012 1719 ,
1051 1666 1225 1710 scilicet
1256 1668 1511 1708 nutricium

209 1744 397 1771 succum
425 1729 530 1770 hinc
562 1744 618 1771 ex
649 1730 814 1770 minori
839 1729 1160 1786 evaporatione
1181 1761 1192 1779 ‚
1226 1727 1319 1770 sole
1361 1724 1512 1768 defici-

206 1797 309 1831 ente
333 1821 343 1839 ‚
377 1789 481 1830 inde
512 1804 568 1830 ex
599 1790 762 1844 majori
794 1788 984 1830 stimulo
1009 1821 1020 1839 ,
1053 1787 1148 1829 sole
1181 1787 1372 1830 feriente
1392 1819 1404 1837 ,
1431 1801 1509 1827 au-

207 1851 303 1906 geri
333 1881 343 1898 ‚
377 1857 423 1890 et
453 1848 765 1890 evolutionem
796 1851 998 1905 partium
1030 1846 1215 1905 longius
1247 1856 1508 1905 protensam

209 1911 409 1951 excitare
427 1941 437 1950 .
471 1908 559 1950 Sed
591 1910 744 1966 opinio
770 1923 852 1951 sua
882 1917 1103 1965 utrosque
1130 1907 1326 1950 fefellit.

270 1969 315 2024 §.
354 1968 448 2024 176.
481 1969 674 2026 Ligneos
705 1968 886 2010 ordines
909 1971 956 2009 in
988 1983 1283 2026 quacumque
1331 1967 1510 2008 arboris

212 2037 339 2085 parte
369 2027 464 2070 fieri
496 2035 729 2070 eccentros
753 2029 999 2070 indubium
1030 2037 1096 2069 est
1119 2045 1130 2078 ;
1162 2029 1296 2084 cujus
1319 2029 1384 2068 rei
1405 2041 1511 2068 cau-

215 2103 263 2129 sa
294 2103 459 2130 succus
489 2090 718 2130 nutricius
746 2087 1007 2130 affluentior
1037 2088 1222 2145 quidem
1253 2095 1320 2130 est
1350 2086 1424 2129 vel
1455 2102 1511 2128 ex

213 2149 464 2190 robustiori
495 2147 646 2191 radice
671 2180 682 2200 ,
715 2164 812 2207 quae
843 2150 1061 2204 majorem
1094 2148 1301 2190 alimenti
1331 2148 1512 2204 copiam

217 2208 509 2266 suppeditat,
548 2208 623 2250 vel
653 2224 709 2250 ex
743 2211 963 2267 vegetiori
996 2223 1152 2259 ram0‚
1185 2211 1267 2267 qui
1299 2207 1513 2249 alimoni-

216 2283 289 2308 am
320 2267 414 2310 fere
448 2283 625 2310 omnem
656 2268 713 2310 ad
745 2284 790 2311 se
824 2268 1001 2319 trahit3
1035 2283 1235 2326 cumque
1286 2270 1515 2310 istiusmo-

217 2328 262 2368 di
288 2329 477 2381 radices,
504 2328 577 2371 vel
603 2332 717 2372 rami
741 2344 929 2388 quaqua
952 2344 1110 2374 versus
1137 2331 1246 2372 oriri
1271 2330 1446 2386 possint
1469 2329 1514 2368 in
