1669 2563
241 155 326 206 324

181 254 358 294 Foliatio
385 269 426 306 p.
458 267 525 307 71.
554 265 620 307 72.
649 256 741 304 ejus
767 251 1024 291 characteres
1051 265 1092 302 p.
1123 264 1218 303 272.
1261 250 1353 303 273.

181 309 411 349 Folliculus
433 338 444 356 ‚
470 311 644 360 ejusque
671 308 926 346 characteres
955 322 995 357 Ρ.
1026 319 1118 345 220.

181 365 326 403 Forma
354 364 496 402 conica
523 362 654 403 caulis
682 363 724 400 in
752 361 1078 411 dicotyledoneis
1124 374 1165 410 p.
1213 360 1280 413 54.
1326 359 1473 401 Forma

236 419 466 469 cylindrica
494 416 626 457 caulis
665 416 709 454 in
751 415 1157 466 monocotyledoneis
1202 429 1243 465 p.
1291 414 1357 452 65.
1406 416 1471 453 66.

235 475 386 512 Formae
414 471 644 524 peculiares
670 469 800 511 caulis
828 470 872 508 in
900 468 1151 521 quibusdam
1188 469 1477 519 monocotyle-

235 528 382 567 doneis
410 542 450 578 p.
481 526 546 565 66.
578 526 647 579 67.

182 581 310 622 Frons
338 591 694 632 cryptogamarum
721 593 761 630 p.
794 579 883 631 140.
915 579 1006 627 ejus
1033 576 1289 616 characteres
1309 591 1350 630 p.
1382 589 1475 628 299.

237 635 328 728 Ξοο.
366 638 458 686 ejus
488 636 619 689 pinnae
640 663 652 684 ,
679 643 722 674 et
749 631 931 685 pinnulae
974 632 1252 671 determinatae
1297 646 1338 684 p.
1387 630 1476 671 300.

265 705 328 729 01.

183 743 466 784 Fructificatio
492 743 538 781 in
564 741 838 794 phaenogamis
865 755 908 793 p.
946 739 1034 780 132.
1065 738 1209 779 eadem
1240 739 1282 778 in
1312 748 1481 792 crypto-

239 800 365 851 gamis
392 813 432 849 p.
462 796 559 848 239.

184 853 362 892 Fructus
387 851 612 902 perfectio,
640 858 684 888 et
709 849 928 888 maturitas
958 863 998 900 p.
1033 847 1123 888 136.
1157 845 1247 899 137.
1297 849 1478 888 Fructus

237 905 473 957 gynobasici
502 919 543 955 p.
571 915 666 955 217.

182 961 333 999 Fulcra
362 961 406 999 in
438 957 712 1010 phaenogarnis
739 970 780 1008 p.
813 969 878 1008 77.
905 968 972 1008 79.
1002 957 1146 998 eadem
1174 959 1220 997 in
1259 965 1479 1010 cryptoga-

239 1015 315 1053 mis
339 1028 377 1065 p.
407 1015 503 1066 240.

184 1069 416 1108 Funiculus
444 1065 696 1107 umbilicalis
733 1078 774 1117 p.
810 1064 900 1105 135.
950 1065 1039 1104 152.
1084 1068 1178 1117 ejus
1222 1066 1482 1105 characteres

239 1137 278 1173 p.
310 1122 404 1162 231.

185 1176 394 1217 Galbulus
420 1190 461 1228 p.
490 1189 584 1229 227.

183 1231 379 1280 Gemma,
407 1229 612 1281 gemmula
640 1228 683 1268 in
714 1227 896 1281 germine
914 1242 955 1279 p.
982 1228 1043 1268 16.
1068 1229 1248 1269 Gemmae
1277 1226 1480 1267 caudiceae

235 1301 277 1337 p.
307 1285 373 1339 54.
403 1285 469 1324 55.
499 1286 543 1323 in
571 1283 724 1336 quibus
751 1282 944 1322 differant
966 1311 978 1330 ,
1007 1293 1080 1323 aut
1109 1283 1362 1323 conveniant
1381 1295 1476 1320 cum

234 1342 390 1380 semine
418 1354 458 1391 p.
488 1337 555 1378 55.
584 1337 753 1389 quando
782 1347 925 1377 creatae
954 1351 992 1387 p.
1026 1337 1093 1375 55.
1124 1352 1266 1378 earum
1295 1337 1475 1387 eruptio,

235 1404 278 1434 et
303 1393 500 1446 perfectio
529 1407 568 1444 p.
601 1406 666 1445 7¹·
697 1392 876 1432 Gemmae
904 1390 1088 1431 floriferae
1116 1407 1158 1445 p.
1192 1395 1282 1445 104.
1317 1392 1409 1430 105.

182 1449 359 1489 Gernmae
386 1446 774 1499 acotyledonearum
803 1462 843 1498 p.
880 1446 970 1485 155.

181 1504 346 1544 Genera
380 1503 619 1556 plantarum
665 1501 851 1551 antiquis
897 1501 1037 1553 ignota
1083 1515 1125 1551 p.
1172 1498 1267 1539 263.
1313 1498 1484 1550 quando

231 1568 331 1598 nata
352 1588 364 1606 ,
389 1567 432 1598 et
460 1555 666 1609 quomodo
713 1555 886 1595 formata
932 1570 972 1606 p.
1022 1554 1223 1593 263-265.
1269 1553 1478 1593 Generum

226 1613 475 1665 plantarum.
502 1610 706 1650 editiones
735 1610 968 1650 necessariae
1000 1624 1039 1660 p.
1071 1609 1168 1647 265.

177 1665 402 1707 Generatio
433 1667 475 1705 in
503 1665 776 1718 phaenogamis
813 1679 853 1716 p.
889 1662 1087 1702 121-123.
1119 1664 1305 1715 ignotum
1332 1692 1345 1710 ‚
1371 1678 1483 1714 quo-

229 1722 350 1761 modo
378 1721 646 1774 generatione
675 1718 964 1759 manifestetur
993 1718 1186 1769 plantula
1216 1718 1259 1755 in
1310 1731 1388 1755 ovo
1435 1732 1477 1768 p.

235 1789 326 1814 122.
359 1775 568 1827 generatio
594 1773 647 1812 ab
676 1774 843 1814 insectis
872 1772 1019 1822 adjuta
1047 1787 1088 1823 p.
1121 1770 1210 1810 123.
1243 1773 1482 1823 generatio-

229 1831 295 1868 nis
321 1828 616 1869 demonstratio
643 1842 683 1878 p.
719 1829 808 1880 124.
851 1826 940 1865 125.
989 1826 1271 1878 generationis
1311 1825 1480 1865 detectae

228 1884 400 1923 historia
427 1898 468 1934 p.
501 1881 697 1920 125-128.
730 1880 1009 1933 generationis
1037 1879 1247 1931 denegatae
1282 1880 1481 1919 refutatio

229 1953 271 1988 p.
318 1936 514 1976 128-132.
554 1936 764 1986 generatio
801 1949 856 1974 an
902 1933 1065 1973 occulte
1105 1933 1230 1974 detur
1259 1933 1303 1972 in
1333 1944 1483 1984 acoty-

229 1991 416 2032 ledoneis
444 2005 484 2042 p.
526 1988 720 2041 152-154.

175 2047 357 2087 Germen
384 2045 552 2086 seminis
579 2059 623 2095 p.
652 2043 715 2083 16.
746 2043 842 2092 ejus
874 2050 1083 2082 structura
1115 2051 1211 2081 ante
1264 2042 1482 2082 evolutio-

230 2114 327 2140 nem
353 2114 394 2152 p.
422 2099 489 2152 24.
519 2108 622 2150 quot
666 2098 851 2150 germina
879 2099 987 2136 intra
1016 2110 1156 2136 semen
1187 2110 1229 2147 p.
1258 2098 1325 2150 24.
1346 2112 1483 2148 quan-

229 2155 284 2194 do
311 2167 480 2206 germen
508 2161 694 2192 creatum
722 2166 762 2202 p.
792 2151 860 2190 25.
892 2165 944 2189 an
986 2150 1220 2189 obnoxium
1263 2151 1481 2190 anomaliis

229 2225 272 2262 p.
300 2207 446 2247 25-23.
492 2206 593 2259 quid
622 2206 830 2258 peculiare
857 2204 1014 2244 habeat
1056 2205 1101 2243 in
1149 2204 1483 2256 dicotyledoneis

230 2279 272 2315 p.
297 2264 366 2315 41.
393 2263 461 2314 42.
489 2261 594 2312 quid
622 2262 668 2301 in
697 2259 1106 2309 monocotyledoneis
1134 2273 1177 2313 p.
1198 2257 1266 2298 63.
1286 2258 1352 2313 64.
1375 2260 1486 2299 Ger-

230 2318 354 2359 minis
380 2316 636 2358 characteres
663 2330 706 2369 p.
734 2314 829 2355 235.
861 2313 957 2354 236.
