1669 2563
280 147 362 176 112

213 239 372 281 scabra
393 236 579 298 papillis
610 236 930 296 longiusculis,
957 237 1144 288 conicis,
1175 242 1258 278 aut
1306 234 1527 281 mamillis

214 299 441 351 rotundis,
473 299 696 357 depressis
717 331 726 342 .
757 299 863 351 Quae
896 297 1038 349 laevia,
1071 311 1309 355 nunquam
1329 299 1525 348 viscosa3

216 366 378 401 contra
396 392 407 410 ,
435 373 532 417 quae
563 360 724 401 scabra
741 392 750 403 .
773 359 982 416 Denique
1006 357 1161 416 pollen
1182 357 1306 408 laeve,
1331 364 1378 398 et
1419 356 1526 399 elli-

217 419 398 477 psoides
427 418 639 477 praevalet
667 421 715 460 in
743 418 912 477 plantis
941 417 1411 474 monocotyledoneis‚
1428 415 1532 474 pol-

216 479 310 521 line
362 479 608 537 sphaeroide
660 478 720 521 ab
751 478 846 523 illis
874 478 1064 521 excluso
1093 495 1105 528 3
1158 485 1318 519 contra
1368 475 1527 536 pollen

215 540 429 581 scabrum
456 571 468 590 ‚
513 546 560 582 et
607 539 878 598 sphaeroides
927 538 1178 582 solemnius
1235 536 1528 595 dicotyledo-

216 601 314 641 neis
343 599 529 657 plantis,
558 613 650 642 non
673 599 862 642 excluso
889 606 1042 643 tamen
1062 597 1305 656 ellipsoide
1333 629 1343 640 .

276 658 321 716 §.
353 661 453 716 347.
481 660 551 701 De
582 661 799 717 penitiori
831 667 1069 702 structura
1093 673 1344 717 granorum
1375 655 1526 699 laevio-

217 734 323 761 rum
364 718 483 760 nihil
527 727 705 762 constat
726 752 736 765 .
768 719 828 762 At
874 718 1201 766 Kolreuterus,
1229 719 1530 774 Amiciusque

217 778 505 830 detexerunt,
532 794 672 837 grana
709 779 916 837 pollinis,
961 794 1058 837 quae
1103 779 1264 821 scabra
1289 810 1301 829 ‚
1347 778 1527 835 duplici

217 838 403 880 saeculo
432 837 560 882 fieri.
594 838 819 881 Saeculus
863 841 1062 882 exterior
1112 837 1314 880 inficitur
1367 836 1525 878 colore

214 897 413 956 liquoris
445 932 457 950 ,
493 900 576 956 qui
606 900 727 942 intra
751 899 964 956 papillas,
996 897 1281 941 mamillasve
1315 899 1525 938 contine-

214 965 308 1001 tur.
340 958 519 1015 Liquor
552 960 636 999 iste
657 957 852 1000 Brownii
877 991 888 1009 ,
922 966 968 999 et
997 957 1272 999 Guillemini
1304 960 1526 999 sententia

215 1020 468 1059 secernitur
510 1019 559 1058 in
588 1017 749 1059 iisdem
780 1019 1113 1074 prominentiis,
1146 1016 1343 1058 solvitur
1374 1019 1422 1058 in
1452 1016 1524 1058 al-

214 1077 395 1128 cohole,
413 1075 487 1119 vel
517 1079 565 1118 in
595 1076 716 1128 oleo,
748 1085 793 1119 et
808 1080 1103 1119 tenacitatem
1133 1077 1256 1134 parit
1287 1077 1337 1117 in
1363 1091 1523 1133 grano,

214 1137 440 1179 Sacculus
468 1138 659 1178 interior
686 1135 737 1178 fit
783 1136 1107 1179 membranula
1163 1135 1399 1193 pellucida
1422 1167 1434 1186 ‚
1483 1143 1530 1178 et

215 1196 421 1248 elasfica,
452 1195 636 1255 liquore
667 1196 898 1255 diaphano
922 1195 1114 1254 repleta,
1138 1195 1188 1237 in
1208 1210 1300 1253 quo
1319 1195 1529 1238 Amicius

216 1264 371 1298 natare
397 1289 410 1308 ‚
443 1264 488 1298 et
519 1265 744 1315 perpetuo
775 1259 951 1300 moveri
983 1256 1101 1299 vidit
1149 1258 1390 1299 innumera
1412 1288 1424 1306 ,
1481 1264 1528 1297 et

215 1318 522 1360 minutissima
565 1316 861 1377 corpuscula,
894 1316 1198 1368 Needhamio‚
1231 1324 1278 1359 et
1308 1315 1525 1375 Spallan-

220 1379 349 1419 zanio
379 1378 473 1433 jam
491 1385 599 1419 nota
617 1410 629 1421 .

277 1437 322 1493 ς.
340 1439 441 1492 348.
461 1436 773 1480 Guilleminus
794 1443 1006 1488 testatur,
1027 1452 1071 1478 se
1095 1437 1314 1493 reperisse
1331 1434 1527 1493 Seligui-

217 1511 305 1538 ano
337 1499 641 1556 microscopio
675 1513 817 1554 grana
848 1496 1036 1554 pollinis
1067 1498 1251 1538 omnino
1281 1494 1428 1537 libera
1462 1498 1529 1536 in-

216 1564 289 1598 tra
325 1557 594 1607 antheram;
649 1557 726 1600 sed
782 1559 997 1614 organica
1050 1555 1218 1598 horum
1276 1570 1528 1613 granorum

216 1624 452 1659 structura
482 1619 810 1659 connexionem
841 1631 1002 1658 eorum
1058 1631 1167 1660 cum
1216 1618 1409 1657 stamine
1451 1631 1528 1656 ar·-

216 1678 335 1734 guit‚
365 1691 464 1735 quae
492 1679 733 1728 connexio,
765 1676 958 1719 anthera
987 1684 1349 1727 maturescente,
1384 1675 1527 1719 solvi-

218 1744 297 1778 tur
325 1769 337 1779 .

276 1796 322 1853 §.
354 1798 456 1854 349.
488 1793 651 1838 Pollen
700 1797 788 1840 sub
812 1793 958 1838 forma
987 1810 1141 1838 massae
1195 1794 1347 1837 solidae
1378 1809 1526 1838 unum

218 1856 337 1899 sistit
383 1871 551 1915 corpus
570 1889 582 1908 ,
614 1857 741 1914 quod
780 1864 930 1899 totum
959 1855 1168 1899 loculum
1199 1855 1394 1898 antherae
1445 1871 1524 1908 oc-

216 1924 374 1974 cupat,
404 1924 451 1958 et
482 1916 676 1960 formam
726 1917 826 1972 eJ'us
855 1919 1071 1960 assumit,
1104 1916 1342 1958 Interdum
1373 1931 1523 1959 massa

217 1976 310 2017 haec
340 1976 565 2035 simplex3
595 1977 828 2019 interdum
858 1985 1036 2019 constat
1065 1977 1323 2020 minoribus
1362 1978 1522 2018 massis

216 2036 357 2080 simul
387 2037 558 2092 junctis
584 2070 596 2089 ,
627 2036 702 2080 vel
757 2038 911 2094 granis
963 2036 1123 2079 solidis
1175 2044 1271 2078 rete
1329 2035 1522 2077 elastico

217 2099 435 2141 connexis
459 2130 470 2141 .
502 2096 636 2140 Nihil
666 2096 796 2140 aliud
826 2097 980 2139 adhuc
1009 2100 1218 2140 novimus
1247 2097 1302 2139 de
1325 2099 1522 2154 penitio-

217 2159 258 2199 ri
284 2157 425 2214 hujus
454 2157 644 2217 pollinis
675 2164 911 2200 structura
930 2190 940 2200 .

278 2216 324 2274 §0
357 2216 460 2262 350.
485 2218 631 2261 Omne
659 2217 817 2276 pollen
851 2219 955 2276 igne
1000 2215 1249 2275 conflagrat
1273 2251 1284 2268 ,
1331 2219 1518 2273 citoque

220 2278 479 2323 incenditur
506 2311 518 2324 .
546 2277 829 2326 Animalium
859 2280 1117 2339 genituram
1149 2278 1344 2323 subinde
1393 2276 1515 2328 olet,
