1669 2563
206 140 284 169 122

144 231 219 274 vel
248 247 274 272 a
302 225 779 271 circumvolitantibus
810 228 1023 277 insectis,
1056 223 1129 267 vel
1161 240 1186 265 a
1221 222 1434 280 zephyris

144 289 508 333 demulcentibus
527 321 535 329 .
554 288 729 329 Interea
756 290 914 345 stigma
940 286 988 326 fit
1006 285 1236 327 roscidum
1263 284 1320 324 ab
1348 283 1437 323 hu-

145 367 289 401 more,
311 352 391 408 qui
412 364 433 390 e
468 347 699 405 glandulis
720 349 817 403 cjus
840 347 1031 389 exsudat
1050 378 1060 396 ,
1079 353 1130 385 ut
1157 342 1310 401 pollen
1357 357 1439 382 ex-

148 414 291 468 cipiat
309 442 319 452 .
336 408 495 450 Pollen
517 408 751 449 subsidens
776 411 818 447 in
837 410 1041 464 stigmate
1062 404 1344 462 exploditur,
1364 400 1439 443 vel

148 471 238 513 alia
262 471 420 527 quavis
446 469 618 509 ratione
649 474 906 509 contentam
940 468 1195 523 genituram
1216 478 1321 504 cum
1366 463 1442 503 sti-

149 533 311 590 gmatis
343 529 534 570 humore
565 530 848 577 commiscet,
881 541 976 584 quae
1021 528 1085 566 ita
1132 524 1189 565 ad
1234 524 1442 564 ovarium

149 589 381 633 descendit
395 603 473 646 per
506 587 721 638 cellulas,
756 595 800 629 et
828 601 948 637 vasa,
982 594 1027 627 et
1052 581 1315 627 funiculum
1347 596 1445 621 um-

151 649 385 694 bilicalem
416 663 594 690 emensa
624 648 803 689 tandem
835 654 1041 704 penetrat
1084 645 1140 685 ad
1184 657 1292 693 ova,
1348 655 1445 698 quae

150 709 375 753 miraculo
398 723 500 749 sane
526 706 973 765 incomprehensibili
1005 703 1233 747 foecundat
1258 734 1268 744 .

212 771 257 825 ᾗ.
288 768 388 825 376.
420 768 600 809 Priores
630 767 889 824 physiologi
932 763 1211 822 Malpighius
1237 794 1248 812 ,
1282 760 1449 802 Hame-

154 830 263 880 lius,
281 826 582 878 Morilandus,
603 826 892 877 Geoffroaeus,
907 825 1152 874 Bonnetus,
1174 820 1448 864 Gleditschi-

153 906 208 931 us
238 888 549 938 crediderunt,
582 886 738 944 pollen
770 895 863 927 toto
896 884 1088 942 granulo
1124 896 1204 924 suo
1236 880 1451 923 foecundi-

156 958 294 991 tatem
320 963 476 1005 parere
502 979 512 997 ,
548 946 672 1003 quod
703 945 889 1002 quidem
919 943 1088 985 falsum
1133 957 1225 983 esse
1271 941 1451 980 demon-

158 1018 271 1051 strat
295 1010 391 1064 ipsa
410 1015 647 1047 'structura
678 1004 863 1062 pollinis
895 1005 1105 1060 superius
1146 1016 1172 1041 a
1195 999 1327 1040 nobis
1358 1007 1453 1039 tra-

157 1070 276 1119 dita,
309 1076 407 1108 tuin.
429 1064 696 1123 magnitudo
729 1078 974 1122 granorum
995 1064 1092 1118 ejus
1109 1063 1155 1100 in
1176 1059 1454 1116 quibusdam

161 1128 399 1186 speciebus
424 1159 434 1177 ,
481 1141 577 1182 quae
611 1124 796 1182 quidem
826 1139 965 1181 grana
995 1119 1249 1163 nullimode
1281 1117 1455 1173 stylum

164 1187 345 1245 ingredi
376 1193 587 1244 possent.
620 1186 680 1226 At
709 1184 1021 1241 explosioncm
1051 1180 1238 1239 pollinis
1276 1180 1456 1219 contin-

165 1263 269 1306 gere
301 1250 348 1287 in
381 1247 617 1302 stigmate,
651 1252 704 1286 ut
735 1246 946 1303 genitura
977 1239 1230 1284 masculina
1260 1253 1286 1279 a
1337 1238 1459 1293 lym-

160 1309 254 1366 pha
286 1307 476 1365 genitali
507 1305 671 1363 pistilli
698 1313 887 1363 sugatur
910 1305 1037 1360 ,jam
1067 1301 1284 1342 viderunt
1316 1298 1460 1356 Loga-

163 1383 251 1410 nus
278 1401 288 1418 ‚
312 1376 356 1408 et
375 1366 706 1417 Needhamius,
732 1364 1017 1407 confirmavit
1037 1362 1241 1404 Amicius
1265 1392 1274 1401 .
1309 1359 1460 1411 Quare

164 1430 394 1486 generatio
426 1444 448 1468 e
480 1429 703 1468 contentis
735 1428 783 1467 in
815 1424 1019 1483 polline3
1050 1426 1276 1464 incertum
1310 1427 1461 1459 tamen

164 1504 222 1529 an
252 1503 278 1527 a
308 1487 490 1544 liquore
518 1519 529 1538 ,
562 1502 619 1528 an
662 1501 689 1527 a
733 1483 1025 1542 corpusculis
1045 1515 1056 1533 ,
1109 1479 1183 1521 vel
1238 1477 1462 1535 plantulis

168 1549 499 1597 innatantibus,
532 1561 588 1587 an
618 1547 675 1588 ab
708 1560 821 1586 aura
852 1544 1049 1602 quadam
1080 1537 1337 1583 vivificante
1364 1570 1374 1580 .

228 1608 272 1662 ᾗ.
306 1610 406 1664 377.
431 1608 677 1659 Quaesitum
709 1620 893 1663 quoque
920 1612 985 1645 est
1007 1635 1018 1654 ,
1051 1617 1108 1642 an
1140 1598 1349 1657 plantula
1370 1599 1462 1653 jam

167 1671 332 1710 existat
362 1671 409 1708 in
442 1682 526 1709 ovo
559 1665 783 1716 foemineo,
816 1673 861 1707 et
882 1662 1184 1722 generationis
1219 1673 1301 1716 ope
1321 1660 1463 1700 vitani

169 1729 361 1784 recipiat
389 1760 399 1778 ,
433 1743 488 1768 an
522 1742 577 1767 ex
615 1727 939 1767 commixtione
989 1723 1237 1764 humorum
1287 1720 1428 1760 maris
1451 1749 1462 1767 ,

167 1796 214 1829 ct
248 1788 432 1828 l'oeminae
464 1802 544 1844 per
575 1788 849 1844 epigenesim
883 1783 961 1825 fiat
992 1786 1039 1823 in
1061 1796 1145 1822 ovo
1170 1811 1180 1830 ,
1215 1795 1272 1820 an
1327 1793 1465 1819 ovum

168 1847 510 1904 receptaculum
535 1854 711 1887 tantum
745 1849 804 1887 sit
827 1879 838 1897 ,
866 1843 991 1902 quod
1023 1838 1282 1900 plantulam
1331 1855 1356 1880 a
1389 1854 1467 1894 ge-

170 1911 325 1949 nitura
354 1909 490 1949 maris
521 1909 736 1963 excipiat,
769 1905 950 1954 foveat,
998 1911 1043 1945 et
1086 1903 1264 1942 nutriat
1287 1931 1297 1940 .
1350 1896 1469 1939 Mul-

174 1977 271 2008 tum
320 1967 441 2009 hisce
488 1967 541 2008 cle
589 1967 726 2008 rebus
772 1960 1136 2015 dictun13111hss
1181 1960 1471 2001 demonstra-

179 2037 276 2068 tum
302 2060 312 2069 .

234 2088 277 2142 ᾗ.
310 2088 409 2143 378.
442 2086 646 2144 Quiquid
679 2087 736 2127 sit
760 2119 770 2137 ,
803 2085 991 2126 anthera
1028 2080 1285 2130 foecundat,
1319 2076 1472 2136 pistil-

178 2146 275 2188 lum
306 2147 588 2189 foecundatur
610 2179 619 2188 .
664 2145 858 2188 Provida
911 2152 1065 2185 autem
1119 2149 1282 2185 natura
1336 2137 1472 2196 plura

178 2209 341 2265 passim
386 2210 540 2264 posuit
592 2208 782 2248 stamina
821 2208 868 2246 in
914 2202 1053 2255 flore7
1103 2210 1156 2243 ut
1206 2200 1473 2242 foecunditas

178 2269 341 2310 certior
373 2269 617 2319 evaderet3
672 2268 876 2326 quinimo
914 2265 1082 2307 indixit
1121 2261 1337 2315 antheris,
1368 2276 1472 2303 cum
