1669 2563
1300 155 1384 197 263

565 315 737 358 Genera
758 313 1021 371 plantarum
1043 347 1053 358 .

232 435 277 491 ς.
315 433 408 488 146.
453 433 614 475 Praeter
664 432 950 476 characteres
978 465 989 484 ‚
1035 435 1206 491 quibus
1242 437 1421 481 ordines
1450 472 1460 489 ,

174 502 220 537 et
249 494 427 536 familiae
480 492 742 551 plantarum
795 495 1091 544 innituntur,
1137 494 1233 535 aliae
1277 512 1462 554 quoque

179 555 323 612 magni
349 555 485 611 pretii
510 561 622 595 notae
652 555 806 594 insunt
827 555 872 594 in
896 567 1053 594 earum
1085 552 1462 607 fructificatione,

176 613 290 655 idest
319 615 366 654 in
391 612 552 670 calyce
581 645 593 664 ,
631 611 807 655 corolla
836 644 847 663 ,
889 613 1159 655 staminibus
1184 646 1195 664 ,
1247 615 1425 671 pistillo
1457 649 1467 666 ,

175 675 463 732 pericarpio,
510 673 713 723 semine,
761 681 806 715 et
851 672 1141 729 receptaculo
1187 688 1293 714 cum
1345 676 1468 717 circa

174 748 413 776 numerum
442 765 453 784 ,
479 740 524 774 et
554 731 746 791 figuram
771 765 783 783 ,
816 740 914 774 tum
939 733 1074 774 etiam
1105 733 1257 789 quoad
1284 735 1423 775 situm
1456 767 1467 784 ‚

173 801 218 835 et
250 794 592 850 proportionem
643 795 843 850 partium
862 824 872 834 .
903 792 976 834 Hae
1007 791 1154 834 veluti
1176 793 1365 835 totidem
1389 793 1470 834 lit-

173 860 275 895 terae
300 852 562 911 plantarum
588 852 801 895 habendae
825 885 836 903 ,
871 859 924 894 ut
955 851 1121 894 Linnaei
1147 854 1298 895 verbis
1331 861 1434 895 utar
1455 888 1466 906 ,

173 914 346 971 quibus
376 912 507 955 lectis
528 945 539 964 ,
570 912 855 954 characteres
904 914 1138 970 genericos
1180 912 1429 955 herbarum
1453 945 1465 963 ,

173 987 289 1030 quos
320 973 540 1016 Conditor
569 974 881 1031 inscripserat,
914 972 1218 1014 addiscimus.
1245 972 1314 1014 Ex
1346 973 1469 1015 hisce

177 1034 299 1076 enim
351 1033 459 1076 solis
512 1032 662 1090 liquet
690 1064 701 1083 ‚
757 1033 927 1090 species
954 1063 965 1083 ,
1008 1047 1107 1090 quae
1155 1032 1321 1074 harum
1366 1048 1467 1091 par-

177 1094 296 1134 tium
329 1092 630 1135 similitudine
659 1093 965 1142 conveniunt,
993 1106 1154 1148 genere
1174 1124 1185 1143 ,
1220 1094 1281 1134 ita
1305 1093 1472 1148 juben-

180 1160 224 1194 te
254 1160 418 1195 natura
437 1185 448 1204 ,
484 1152 805 1195 consociandas
824 1184 836 1203 ‚
867 1167 975 1195 cum
997 1166 1087 1194 non
1118 1151 1235 1194 facie
1275 1160 1469 1202 tantum,

181 1212 258 1254 sed
282 1213 464 1255 viribus
485 1227 669 1270 quoque
689 1244 699 1264 ,
731 1220 777 1254 et
798 1212 1157 1269 proprietatibus
1182 1227 1292 1270 saepe
1313 1227 1473 1254 conve-

179 1274 307 1314 niant
329 1305 338 1315 .
371 1273 478 1315 Non
507 1272 684 1314 viderat
714 1271 901 1330 quidem
932 1273 1183 1329 antiquitas
1214 1271 1472 1315 naturalem

181 1332 302 1374 hunc
334 1331 596 1390 plantarum
626 1347 797 1374 nexum
817 1365 827 1383 ,
858 1347 965 1374 cum
997 1340 1171 1373 veteres
1199 1340 1338 1375 totam
1371 1347 1473 1389 ope-

181 1408 277 1434 ram
309 1393 625 1450 impenderent
658 1394 706 1434 in
737 1392 949 1434 eruendis
978 1391 1224 1433 herbarum
1254 1392 1433 1434 viribus
1458 1424 1469 1442 ,

182 1452 362 1510 reliqua
391 1452 674 1510 negligerent
696 1485 707 1495 .
737 1452 830 1502 At,
860 1451 1026 1493 litteris
1060 1454 1224 1494 renatis
1243 1485 1254 1503 ‚
1286 1453 1475 1494 necessi-

183 1520 250 1554 tas
274 1513 691 1570 cognoscendarum
724 1512 986 1570 plantarum
1015 1544 1026 1561 ‚
1059 1511 1113 1552 de
1144 1527 1341 1568 quarum
1378 1513 1474 1552 vir-

183 1573 363 1614 tutibus
393 1574 570 1630 antiqui
603 1579 991 1630 pertractaverant
1015 1603 1027 1620 ‚
1074 1572 1300 1628 paulatim
1337 1571 1474 1612 duxit

183 1632 241 1673 ad
273 1632 557 1675 characteres
589 1648 746 1676 earum
790 1631 1126 1689 investigandos
1149 1664 1160 1683 ,
1208 1646 1476 1689 comparan-

182 1692 353 1749 dosque
381 1725 391 1735 .
425 1693 497 1735 Ita
526 1691 700 1734 factum
733 1702 798 1735 est
821 1725 833 1743 ,
865 1699 918 1736 ut
947 1700 1158 1733 auctores
1188 1693 1319 1734 nobis
1367 1706 1477 1748 pro-

183 1753 448 1809 pinquiores
496 1768 572 1795 eas
616 1755 779 1811 stirpes
809 1750 947 1795 simul
998 1752 1187 1808 jungere
1222 1753 1434 1809 caeperint
1461 1783 1473 1801 ‚

182 1827 297 1869 quas
346 1828 438 1855 uno
475 1845 488 1865 ,
539 1811 742 1856 alterove
797 1809 1162 1855 fructificationis
1214 1812 1476 1854 charactere

185 2017 258 2050 haec
276 2019 394 2053 omnia
412 2020 480 2053 late
496 2021 720 2067 explananda
744 2022 899 2068 suscepit
917 2023 950 2055 in
970 2023 1133 2056 mirando
1151 2021 1214 2055 illo
1235 2034 1355 2068 opere,
1377 2022 1473 2068 quod

185 2064 274 2115 (lixit
298 2066 411 2109 Regni
435 2069 648 2111 vegetabilis
670 2068 830 2111 Sys-lema
852 2072 1010 2103 naturale
1027 2094 1036 2110 ,
1063 2070 1106 2102 de
1129 2081 1198 2114 quo
1236 2069 1307 2114 jam
1343 2069 1478 2115 publici

191 2121 278 2153 juris
303 2109 387 2144 feeit
409 2113 589 2147 volumina
611 2114 681 2147 duo
702 2115 844 2147 Parisiis
872 2117 994 2156 1813„
1016 2123 1049 2148 et
1089 2119 1187 2148 1821.
1211 2140 1218 2155 ‚
1256 2125 1328 2148 tum
1368 2117 1474 2148 etiam

187 2156 222 2187 in
248 2155 436 2190 prodromo
460 2166 657 2201 systematis
681 2165 852 2192 naturalis
880 2165 981 2205 regni
1006 2163 1219 2204 vegetabilis
1239 2187 1247 2200 ‚
1280 2162 1380 2205 cujus
1417 2173 1477 2206 pa-

188 2204 272 2234 riter
294 2201 460 2236 habemus
480 2206 653 2239 volumina
671 2206 741 2239 duo
758 2206 851 2239 edita
869 2207 1012 2240 Parisiis
1039 2210 1149 2251 1824„
1165 2216 1197 2239 et
1218 2208 1314 2241 1825.
1327 2208 1475 2240 Utinam

188 2256 286 2280 tanta
305 2248 357 2281 ini
380 2249 447 2282 vita
467 2251 511 2283 sit
530 2276 537 2292 ‚
560 2260 595 2285 ut
631 2252 703 2286 haec
741 2253 864 2285 eadam
901 2264 1009 2299 opera
1044 2254 1087 2288 ad
1122 2265 1245 2287 eorum
1283 2254 1473 2287 terminum

190 2294 382 2338 perducere
408 2295 520 2330 valeat
539 2309 603 2342 pro
624 2300 780 2333 scientim
803 2299 896 2332 bono
916 2321 925 2331 .
