1669 2563
257 180 343 232 334

191 281 350 335 Vagina
377 280 618 323 medullaris
644 295 684 334 p.
710 281 778 335 46.
808 281 965 335 Vagina
994 280 1038 321 in
1077 280 1189 322 soliis
1231 289 1483 334 monocoty-

245 337 515 377 ledonearum
543 351 584 388 p.
612 350 680 390 72.
720 337 882 390 Vagina
919 335 1255 388 pedunculorum
1294 351 1341 390 p.
1389 338 1481 390 169.

245 391 409 444 Vaginae
439 392 483 430 in
512 392 785 444 cryptogamis
813 407 853 443 p.
887 390 977 443 139.
1008 390 1100 443 309.

189 444 400 497 Vaginula
428 445 472 484 in
501 444 611 486 foliis
639 460 682 497 p.
713 444 778 497 73.
809 444 1020 498 Vaginula
1047 446 1093 485 in
1120 444 1281 486 Μηδεὶς
1318 459 1361 499 p.
1395 444 1488 500 145.

244 498 451 552 Vaginula
479 499 522 538 in
551 498 802 552 pedunculis
828 514 869 553 p.
901 501 992 553 169.

187 552 410 594 Vallenulae
437 568 481 606 p.
509 554 603 593 215.

186 608 324 650 Valvae
351 608 568 660 pericarpii
594 621 635 659 p.
672 605 758 647 133.
802 622 944 648 earum
991 608 1250 649 characteres
1294 621 1336 660 p.
1382 620 1489 661 227.

238 661 333 701 228.
364 661 502 703 Valvae
548 661 732 713 siliquae,
770 671 813 704 et
857 661 1028 704 siliculae
1050 693 1062 713 ,
1100 677 1331 716 earumque
1376 663 1485 703 cha-

239 723 414 757 racteres
441 731 481 768 p.
510 730 604 755 221.
632 727 726 754 222.

184 770 291 813 Vasa
330 769 584 822 lymphatica
626 768 866 819 plantarum
903 784 946 820 p.
990 770 1031 810 5.
1078 784 1221 811 eorum
1265 777 1483 812 structura

238 839 412 864 erronea
438 838 493 864 ex
521 822 786 875 Malpighio,
816 830 860 862 et
898 823 1059 864 Grewio
1097 839 1138 875 p.
1186 824 1226 864 6.
1272 833 1387 866 stant
1439 825 1486 864 in

238 879 389 918 co'rtice
409 907 421 926 ‚
466 885 510 916 et
535 877 581 915 in
622 876 737 928 ligno
781 874 1194 927 dicotyledonearum
1239 893 1281 930 p.
1331 879 1488 932 44-46.

236 941 352 972 stant
378 931 422 970 in
450 938 566 982 parte
595 939 770 969 externa
807 929 1102 971 fasciculorum
1147 932 1193 970 in
1238 943 1485 984 monocoty-

237 985 424 1025 ledoneis
466 997 508 1036 p.
549 983 614 1024 65.
645 983 753 1024 Vasa
781 983 1007 1025 trachealia
1035 999 1075 1036 p.
1105 985 1144 1024 6.
1175 985 1377 1026 vasorum
1397 995 1483 1026 tra-

239 1039 449 1079 chealium
477 1038 582 1078 situs
602 1067 614 1086 ‚
642 1037 886 1090 magnitudo
909 1067 923 1087 ,
950 1047 992 1080 et
1020 1039 1198 1080 officium
1236 1054 1277 1091 p.
1319 1054 1381 1080 10.
1409 1040 1479 1094 46.

238 1094 306 1134 65.
335 1094 401 1146 94.
436 1090 527 1145 139.
563 1093 650 1146 140.
681 1092 788 1132 Vasa
816 1094 980 1144 propria
1018 1109 1061 1146 p.
1109 1108 1173 1134 11.
1218 1093 1286 1147 46.
1335 1108 1480 1134 eorum

238 1157 449 1189 structura
478 1160 651 1187 erronea
678 1160 732 1186 ex
761 1147 961 1188 Mariotto
989 1162 1031 1200 p.
1062 1161 1123 1187 11.
1155 1155 1271 1190 stant
1291 1147 1334 1187 in
1353 1150 1489 1188 corti-

240 1216 287 1242 ce
315 1200 726 1253 dicotyledonearum
754 1215 795 1253 p.
824 1201 892 1254 44.
936 1201 1005 1255 45.
1050 1210 1151 1243 sunt
1196 1202 1389 1242 tenuiora
1437 1204 1485 1244 in

239 1256 353 1309 ligno
379 1270 421 1308 p.
451 1255 516 1309 64.
546 1262 660 1296 stant
685 1253 797 1295 intra
825 1255 1045 1298 fasciculos
1072 1270 1262 1297 vasorum
1302 1258 1347 1297 in
1389 1271 1489 1298 mo-

241 1310 578 1362 nocotyledoneis
605 1324 648 1361 p.
677 1308 744 1348 65.
775 1323 829 1349 an
857 1311 940 1350 sint
968 1311 1013 1350 in
1058 1309 1308 1362 quibusdam
1337 1319 1490 1362 acoty-

239 1365 426 1406 ledoneis
453 1379 496 1416 p.
531 1363 624 1417 143.
655 1364 761 1404 Vasa
787 1364 1020 1404 mammalia
1050 1379 1092 1419 p.
1123 1379 1187 1405 20.
1217 1365 1312 1403 Haec
1337 1367 1485 1417 saepius

239 1419 505 1461 contendunt
535 1420 587 1458 ad
615 1417 876 1467 radiculam,
909 1434 1034 1471 quam
1064 1419 1118 1459 ad
1161 1419 1394 1472 plumulam
1440 1434 1484 1471 p.

239 1487 307 1514 21.
328 1473 412 1567 lubi
440 1474 567 1567 etiagm
596 1472 649 1513 ad
676 1472 912 1526 plumulam
938 1488 982 1527 p.
1013 1487 1081 1514 21.
1111 1474 1177 1515 28.
1206 1474 1316 1518 Vasa
1343 1474 1487 1516 umbi-

243 1528 325 1569 lica
347 1529 384 1568 ia
443 1557 452 1566 .
481 1541 506 1565 2
543 1557 551 1566 .

191 1582 316 1623 Venoe
344 1583 387 1623 in
410 1543 529 1622 l1³⁰01iis
557 1596 599 1635 p.
629 1594 692 1621 12.
713 1581 781 1634 69.

190 1637 380 1678 Verrucae
404 1651 448 1689 p.
479 1636 545 1690 75.

187 1691 383 1732 Vesicula
408 1694 454 1731 in
484 1690 759 1745 cryptogamis
796 1705 836 1743 p.
867 1690 961 1744 309.

186 1745 401 1786 villemeti
428 1745 619 1786 doctrina
648 1745 699 1785 de
728 1746 913 1786 nectario
941 1761 983 1799 p.
1014 1759 1105 1786 120.

187 1800 389 1841 Viriditas
416 1800 656 1852 plantarum
685 1798 798 1840 unde
823 1815 865 1853 p.
895 1800 962 1854 93.
982 1803 1053 1855 94.

187 1854 310 1895 Vittae
339 1854 384 1893 in
411 1853 642 1905 polachena
669 1868 711 1906 p.
734 1853 829 1894 215.

188 1906 372 1949 vitellus
401 1908 602 1948 Gaertneri
629 1923 672 1961 p.
701 1921 768 1947 20.

188 1963 304 2003 Vitia
332 1963 375 2002 in
403 1962 560 2015 plantIS
589 1977 643 2002 ex
669 1975 793 2003 succo
821 1962 986 2016 copioso
1015 1978 1059 2016 p.
1090 1962 1158 2002 53.

186 2017 260 2060 vis
286 2030 466 2110 saecun}
484 2016 700 2069 impellens
728 2016 773 2057 in
800 2017 957 2070 plantis
982 2020 1105 2069 juxta
1146 2016 1279 2058 varias
1324 2014 1486 2057 doctri-

245 2085 318 2112 nas
377 2101 385 2110 .
416 2071 439 2110 8
472 2071 563 2111 -85,

189 2086 475 2167 ΨίΙΙᾶεῗιοψίἰ
504 2124 641 2166 Caroli
667 2125 873 2167 Ludovici
891 2124 1054 2181 species
1079 2127 1323 2181 plantarum
1342 2138 1484 2166 neces*

243 2180 355 2223 sariae
381 2179 578 2222 botanico
605 2195 648 2235 p.
679 2178 774 2234 314.

693 2313 977 2369 FINIS.
