1669 2563
1316 154 1392 183 121

227 247 273 303 ἓ.
306 249 408 304 373.
442 243 717 288 Villemetus
747 257 855 286 vero
886 243 978 286 late
1008 246 1144 287 nimis
1191 244 1331 289 habet
1378 260 1463 303 pro

164 310 368 349 nectario
401 303 628 363 quidquid
658 318 849 346 succum
879 303 1064 346 dulcem
1090 302 1214 346 floris
1237 306 1462 356 elaborat,

167 369 261 409 sive
280 372 510 414 excernat,
533 366 624 404 sive
647 378 753 414 non3
771 363 881 404 dum
897 366 1188 405 excernentia
1203 373 1379 406 tantum
1396 380 1466 406 or-

165 443 282 484 gana
307 442 362 468 ex
393 425 569 481 puriori
595 422 974 480 physiologorum
1005 432 1154 465 mente
1175 424 1260 465 sub
1277 425 1467 464 nectarii

164 488 346 528 nomine
376 482 675 539 intelligenda
704 482 927 526 fuissent.
958 484 1065 537 Quae
1097 482 1282 541 quidem
1314 497 1468 524 excer-

165 547 320 588 nentia
341 557 508 600 organa
527 557 633 583 cum
655 542 898 584 inhaereant
920 542 1212 602 receptaculo
1234 542 1319 584 sub
1343 542 1468 599 glan-

167 604 387 646 dularum
410 604 577 659 specie,
610 609 655 644 et
678 617 784 645 cum
809 603 967 646 eodem
1000 619 1111 662 saepe
1160 602 1467 645 extendantur

166 679 311 721 supra
342 662 543 719 reliquas
575 660 699 704 floris
730 671 913 721 partes:
947 664 1049 706 ideo
1083 663 1147 706 hae
1178 677 1365 721 quoque
1396 677 1468 704 su-

161 724 300 767 binde
332 738 495 765 verum
526 726 782 764 nectarium
809 722 965 765 ferunt
988 756 998 766 .

220 784 265 839 ᾗ.
298 785 400 840 374.
422 781 620 839 Reliqua
648 792 803 826 autem
835 798 1004 842 organa
1034 784 1286 827 accessoria
1311 779 1436 823 floris
1454 814 1466 832 ‚

159 859 257 901 quae
277 843 460 884 nullum
475 841 676 885 fundunt
691 852 952 886 nectareum
975 859 1163 886 succum
1184 876 1195 894 ,
1219 843 1469 884 necessarie

158 903 346 962 quidem
377 902 435 944 ad
466 905 768 960 generationis
792 919 907 962 opus
924 904 1248 961 perficiendum
1273 903 1468 953 ducunt,

164 964 244 1006 sed
276 962 423 1004 officio
458 978 644 1019 prorsus
674 964 765 1005 alio
797 967 856 1007 ab
889 964 1041 1007 officio
1072 965 1264 1007 nectarii
1288 980 1299 1013 3
1326 965 1468 1021 igitur

162 1025 430 1065 nominibus
461 1022 581 1074 aliis,
598 1032 737 1081 prout
758 1025 849 1080 jam
868 1026 1159 1075 tradidimus,
1182 1024 1471 1081 distinguen-

164 1085 225 1125 da
249 1117 261 1135 ‚
294 1084 437 1125 donec
468 1086 664 1125 certiora
689 1084 743 1126 de
774 1084 1094 1128 functionibus
1138 1099 1299 1127 eorum
1342 1086 1473 1125 inno-

161 1151 369 1186 tescant.
400 1144 501 1185 Haec
532 1143 590 1184 ad
624 1145 912 1188 retinendum
938 1149 986 1187 in
1015 1144 1126 1188 flore
1170 1144 1326 1202 pollen
1359 1158 1469 1200 saepe

162 1203 336 1255 valent,
374 1211 473 1244 tum
504 1206 642 1245 etiam
674 1205 731 1246 ad
762 1206 1089 1263 excipiendum
1119 1212 1276 1247 nectar
1296 1234 1308 1247 .
1333 1204 1471 1246 Atta-

160 1279 265 1306 men
294 1279 350 1305 ne
385 1274 600 1321 putemus
644 1264 702 1305 ad
747 1265 796 1306 id
848 1274 1028 1307 tantum
1072 1266 1275 1306 muneris
1326 1263 1469 1304 fuisse

159 1330 313 1364 creata
336 1356 347 1374 ,
373 1339 454 1365 nec
477 1323 703 1382 peculiari
735 1326 1066 1377 nectarothecae‚
1101 1325 1177 1367 vel
1230 1325 1468 1380 nectarily-

159 1398 239 1426 mae
280 1387 464 1425 nomine
514 1385 573 1425 ab
611 1399 703 1425 uno
755 1386 1017 1427 continendi
1076 1387 1274 1428 nectaris
1317 1383 1466 1427 officio

163 1458 272 1485 cum
303 1443 575 1502 Sprengelio
604 1446 913 1503 nuncupanda
935 1477 946 1487 .

404 1561 638 1621 Quomodo
680 1566 907 1620 generatio
957 1567 1189 1622 contingat
1215 1595 1226 1607 .

216 1682 262 1739 §.
294 1681 397 1739 375.
430 1681 578 1725 Succo
608 1682 733 1725 floris
762 1683 1178 1743 quomodocunque
1208 1683 1461 1735 elaborato,

165 1745 378 1800 genitura
398 1744 446 1784 in
475 1745 634 1801 primis
664 1759 721 1785 ex
750 1745 835 1787 illo
867 1746 1052 1789 elicitur
1071 1779 1084 1797 ‚
1116 1760 1213 1803 quae
1258 1747 1305 1785 111
1360 1745 1464 1802 pol-

164 1803 276 1855 line,
312 1811 366 1844 ut
395 1804 488 1859 jam
514 1804 732 1857 diximus,
759 1809 1034 1859 continetur,
1067 1814 1112 1848 et
1141 1821 1232 1847 una
1262 1812 1344 1856 est,
1367 1821 1466 1862 quae

159 1870 432 1921 potestatem
454 1863 592 1906 habet
621 1866 869 1908 excitandae
899 1869 998 1909 vitae
1023 1869 1070 1908 in
1092 1868 1188 1909 ovis
1212 1864 1326 1907 alias
1350 1867 1466 1907 iner-

161 1924 290 1966 tibus
320 1926 367 1965 in
399 1924 574 1981 pistillo
599 1957 610 1976 ‚
642 1940 725 1966 nec
771 1926 949 1984 prolem
998 1942 1203 1984 unquam
1257 1926 1463 1967 daturis.

159 1982 309 2040 Igitur
359 1999 465 2024 cum
487 1984 643 2041 pollen
672 1994 891 2038 maturat,
918 1991 1176 2045 nuptiaeque
1201 1985 1466 2044 plantarum

166 2045 539 2101 appropinquant
563 2078 574 2096 ‚
608 2060 778 2103 organa
812 2048 1020 2089 sexualia
1063 2046 1188 2090 floris
1234 2044 1468 2090 alacriori-

166 2103 256 2145 bus
279 2106 379 2146 vitae
407 2106 584 2147 Viribus
615 2115 824 2163 praestare
854 2109 1070 2150 videntur
1092 2141 1102 2159 ‚
1157 2111 1220 2150 sic
1265 2116 1318 2149 ut
1354 2106 1465 2148 alte-

166 2178 271 2204 rum
302 2164 359 2204 ad
395 2163 591 2207 alterum
617 2175 749 2208 nutet
775 2200 786 2218 ,
811 2176 857 2209 et
901 2169 1087 2210 accedat
1110 2201 1121 2219 ‚
1169 2184 1278 2225 saepe
1328 2169 1464 2209 etiam

167 2222 444 2264 alterutrum
497 2226 786 2269 vehementer
819 2230 1018 2286 agitetur
1044 2262 1055 2279 ,
1081 2223 1421 2270 commoveatur
1451 2259 1461 2267 .

166 2282 298 2323 Tunc
331 2283 524 2325 antherae
555 2285 788 2329 dissiliunt
815 2321 826 2338 ‚
858 2297 903 2330 et
936 2287 1091 2346 pollen
1147 2291 1324 2343 impetu
1355 2301 1468 2342 quo—

167 2342 271 2384 dam
302 2342 589 2398 ejaculantur
620 2349 776 2389 excitae
805 2348 880 2391 vel
908 2362 935 2390 a
965 2349 1105 2391 radiis
1125 2349 1312 2391 orientis
1336 2345 1462 2396 solis,
