1669 2563
1314 159 1399 200 299

234 255 512 298 Articulatus
531 286 541 303 ‚
578 256 810 308 vaginatus
833 283 843 300 ‚
891 254 1031 292 tenuis
1058 282 1069 301 ‚
1101 264 1273 292 crassus
1303 282 1312 291 .

241 316 287 370 §.
325 316 419 372 169.
455 313 597 355 Frons
628 320 694 353 est
724 325 905 351 cormus
936 309 1191 360 ascendens,
1222 312 1302 366 qui
1346 321 1465 348 nunc

176 372 227 414 fit
256 374 558 431 explicatione
589 370 835 418 cellulosa,
877 368 1096 419 foliaeea,
1124 368 1427 425 polymorpha
1451 400 1463 417 ‚

178 440 279 474 orta
308 449 334 473 a
363 431 483 473 callo
503 463 514 482 ‚
547 430 621 473 vel
661 446 686 471 a
718 427 918 477 fibrinis,
949 443 1068 468 nunc
1102 426 1240 469 habet
1270 427 1465 469 formam

174 491 337 550 petioli
368 490 590 547 simplicis
618 523 629 540 ‚
662 497 743 530 aut
770 502 961 545 superne
993 486 1184 528 distiche
1229 487 1467 542 decompo-

177 554 280 601 siti,
305 553 502 608 gerentis
533 554 624 592 sive
650 551 795 607 apice,
828 551 919 591 sive
950 545 1172 587 lateribus
1202 544 1467 601 explicatio-

176 625 254 652 nes
283 608 499 651 foliaceas
523 643 534 660 ,
568 618 649 651 aut
681 607 842 650 foliola
866 639 876 649 .
908 606 1195 647 Novissimus
1227 605 1326 653 hie,
1362 619 1468 660 pro-

174 671 305 727 prius
336 669 526 711 Filiczcm
547 702 557 720 ‚
591 671 790 710 nascitur
822 683 847 708 a
895 666 1142 707 rhizomate
1173 664 1261 718 (³⁸²).
1312 663 1471 704 Omnis

175 728 302 770 frons
359 728 659 786 distinguitur
708 727 801 769 fere
852 726 1010 767 iisdem
1055 726 1173 766 notis
1200 756 1210 773 ,
1260 738 1311 763 ac
1359 721 1473 763 folia

173 788 437 846 plantarum
471 790 864 847 phaenogamarum
894 818 905 836 ‚
938 794 1094 843 praeter
1148 797 1314 843 paucas
1358 781 1472 824 alias

173 856 306 890 notas
338 850 425 891 sibi
457 848 715 906 peculiares
733 881 741 889 .
769 846 972 887 Vocatur

234 908 410 950 Sterilis
443 909 639 965 ,fertilis
658 941 668 959 ‚
694 916 833 965 prout
870 906 957 947 fert
984 940 994 956 ‚
1023 912 1103 947 aut
1132 911 1256 945 caret
1284 901 1472 945 fructifi-

176 970 437 1012 cationibus
464 1001 473 1010 .

234 1028 446 1085 Simplex
469 1062 481 1079 ,
515 1027 655 1069 brevis
685 1060 696 1077 ‚
733 1029 867 1083 longa
892 1059 902 1077 ,
936 1026 1217 1081 longissima,
1257 1023 1429 1080 flexilis
1462 1057 1472 1074 ‚

176 1089 354 1143 rigida,
381 1090 613 1145 pendula,
647 1088 837 1144 reflexa,
877 1088 1038 1128 sessilis
1064 1118 1074 1137 ,
1100 1085 1353 1141 petiolata,
1386 1099 1477 1125 ver-

173 1149 321 1190 ticalis
340 1180 352 1199 ,
385 1145 676 1190 horizontalis
702 1179 712 1189 .

238 1207 525 1250 Sarmentosa
555 1241 565 1259 ‚
599 1223 695 1265 quae
727 1208 824 1250 basi
866 1207 1032 1247 emittit
1077 1205 1347 1261 propagines
1395 1200 1478 1244 fili-

183 1266 379 1319 formes,
414 1269 785 1326 procumbentes,
818 1267 963 1308 nudas
987 1299 997 1316 ‚
1030 1268 1161 1322 apice
1188 1264 1439 1305 radicantes
1464 1296 1474 1312 ,

183 1342 446 1385 novumque
478 1327 735 1386 vegetabile
766 1327 1074 1385 proferentes.

237 1386 498 1444 Filzformis,
533 1389 784 1444 capillacea
811 1421 821 1435 ‚
853 1389 1058 1437 linearis,
1092 1385 1343 1428 lanceolata
1362 1417 1373 1435 ,
1408 1398 1479 1425 ro-

181 1449 324 1489 tanda
352 1481 363 1498 ‚
385 1448 634 1490 orbiculata
658 1480 669 1498 ,
705 1446 946 1503 reniformis
965 1480 976 1498 ‚
1028 1455 1161 1488 ovata
1186 1477 1197 1495 ‚
1249 1444 1436 1487 obovata
1466 1476 1475 1493 ,

178 1510 419 1550 semiocata
444 1541 454 1558 ‚
493 1510 677 1550 cordata
697 1541 708 1558 ,
740 1508 921 1548 hastata
940 1539 951 1558 ,
982 1509 1199 1562 sagittata
1228 1536 1237 1545 .

235 1567 379 1624 Apice
408 1568 565 1610 obtusa
586 1601 598 1619 ‚
631 1576 838 1610 truncata
857 1599 868 1617 ,
901 1575 1136 1609 attenuata
1161 1599 1172 1616 ‚
1230 1565 1437 1620 elongata
1465 1597 1476 1615 ,

174 1630 435 1685 cuspidata‚
470 1638 661 1671 rostrata
684 1661 693 1670 .

216 1813 275 1856 (*)
301 1811 357 1845 Ne
378 1812 502 1845 videar
531 1812 727 1845 novitatum
755 1811 934 1855 cupidus,
967 1818 1001 1842 et
1030 1807 1287 1843 vocabulorum
1328 1806 1406 1838 usui
1433 1806 1484 1838 in-

171 1868 330 1893 veterato
355 1860 423 1890 vim
446 1857 598 1891 inferam
617 1883 625 1898 ‚
642 1860 793 1896 ,retineo
813 1858 878 1889 sub
903 1857 1047 1888 nomine
1064 1856 1210 1897 frondis
1231 1864 1371 1886 cormos
1393 1860 1485 1884 stru-

172 1915 286 1945 ctura,
308 1913 342 1937 et
366 1904 459 1937 facie
481 1906 655 1943 diversos,
678 1904 732 1936 vix
759 1904 997 1947 explicatione
1018 1901 1170 1933 foliacea
1197 1900 1453 1933 convenientes
1469 1922 1478 1930 .

174 1951 351 1996 Equidem
370 1951 566 1983 inhaerebat
587 1953 707 1983 animo
726 1951 944 1993 distinguere
967 1948 1130 1980 frondem
1154 1947 1245 1978 hanc
1269 1947 1304 1978 in
1320 1950 1484 1988 pterigo-

173 1999 291 2035 dium,
318 2005 350 2029 et
364 1998 529 2038 frondem
553 2001 698 2040 proprio
722 2009 823 2029 sensu
841 2020 849 2027 .
879 1995 1122 2038 Plerigodium
1158 1993 1242 2024 mihi
1273 2001 1362 2024 esset
1401 2002 1483 2023 cor-

174 2055 253 2075 mus
277 2044 476 2075 ascendens
496 2069 503 2083 ‚
531 2043 726 2077 cellulosns
755 2041 978 2083 ‚foiiaeeus‚
1006 2038 1263 2085 polyniorphus
1280 2064 1287 2078 ‚
1310 2038 1370 2083 qui
1410 2037 1483 2068 ori*

173 2098 232 2121 tur
256 2100 273 2120 a
301 2088 398 2121 callo
418 2113 425 2127 ‚
454 2090 508 2121 vel
535 2102 553 2122 a
579 2089 743 2127 fibrinis,
768 2097 800 2120 et
826 2089 981 2132 pertinet
1004 2087 1047 2118 ad
1086 2088 1208 2128 Algos
1248 2085 1400 2123 multas,
1440 2081 1484 2114 ad

174 2136 482 2178 Homallophyllas
504 2160 511 2174 ‚
539 2144 571 2167 et
596 2135 638 2167 ad
664 2135 854 2166 nonnullas
882 2134 1072 2176 Hepalicas
1092 2156 1100 2163 .
1133 2132 1200 2163 Pro
1230 2131 1361 2172 fronde
1400 2141 1485 2171 prov

173 2186 254 2224 prio
276 2194 378 2212 sensu
404 2180 605 2213 habuissem
630 2192 791 2213 cormum
813 2180 1065 2212 ascendentem
1088 2177 1238 2210 Filicnm
1257 2200 1264 2214 ,
1296 2177 1389 2208 intus
1432 2174 1484 2206 fa-

177 2227 324 2261 sciculis
344 2237 505 2259 vasorum
534 2227 771 2263 instructum,
795 2235 828 2258 et
849 2225 1028 2257 evolutum
1056 2236 1072 2256 a
1098 2225 1305 2255 vernatione
1327 2220 1486 2254 circina-

175 2283 209 2306 ta
230 2298 237 2311 ‚
261 2273 321 2316 qui
343 2274 487 2304 assumit
513 2272 663 2304 formam
691 2272 814 2316 petioli
836 2271 889 2303 vel
911 2271 1108 2315 simplicis,
1136 2269 1189 2301 vel
1225 2267 1483 2311 decomposiu',

175 2318 326 2353 disiiche
351 2318 521 2359 foliacei‚
550 2327 609 2351 aut
632 2317 810 2359 foliolosi,
836 2326 867 2350 et
893 2317 1134 2362 proficiscitur
1155 2327 1174 2348 a
1197 2313 1404 2354 rhizoulate,
1429 2311 1485 2346 vel

175 2378 193 2398 a
219 2364 366 2399 caudice
384 2388 392 2397 .
