1669 2563
211 185 260 227 16

656 347 822 391 CAPUT.
864 347 925 390 II.

453 468 526 511 DE
559 481 817 510 PRnuoRDns
847 478 1133 509 PLANTARUM.

706 647 863 690 Semen
887 680 897 689 .

214 826 257 883 ὅ.
290 828 361 870 60.
394 781 594 870 Omnis
624 826 781 885 planta
809 824 884 869 vel
914 840 941 867 a
960 824 1126 866 semine
1146 854 1157 873 ‚
1182 820 1256 864 vel
1280 836 1307 862 a
1331 819 1441 863 bul-

153 887 299 939 hillo,
332 887 406 930 vel
439 904 465 930 a
493 887 695 947 gongylo
730 896 886 933 ortum
936 885 1066 928 ducit
1095 917 1107 934 ‚
1163 882 1218 924 de
1266 882 1441 938 quibus

160 947 430 1005 singillatim
460 963 580 991 nunc
612 947 858 990 dicendum
880 980 890 989 .

213 1008 258 1064 §.
292 1008 363 1050 61.
384 1007 540 1050 Semen
559 1008 790 1066 est„quod
811 1003 1066 1065 plantulam
1088 1018 1166 1061 per
1183 1015 1354 1059 organa
1373 1015 1446 1057 ge-

158 1068 321 1110 nitalia
349 1071 547 1110 maxime
576 1067 779 1111 visibilia
809 1069 896 1110 rite
939 1064 1242 1108 foecundatam
1290 1059 1444 1102 fovet.

157 1128 270 1179 Hoc„
290 1131 514 1185 acquisita
528 1128 682 1171 dehita
710 1142 947 1185 compage,
968 1131 1202 1183 separatur
1227 1138 1254 1163 a
1284 1135 1448 1178 paren-

157 1195 202 1229 te
224 1221 236 1239 ,
267 1196 313 1230 et
342 1191 391 1230 in
420 1189 771 1230 determinatum
800 1194 1004 1230 servatur
1037 1193 1219 1240 tempus
1246 1214 1263 1232 ‚v
1302 1180 1448 1221 donec

158 1248 354 1290 stimulis
374 1249 682 1290 exterioribus
711 1246 1072 1293 advenientibus,
1096 1244 1375 1299 propriaque
1401 1240 1451 1280 vi

159 1307 217 1348 ad
249 1310 579 1365 vegetationem
609 1309 840 1350 excitatur
863 1338 875 1356 ‚
906 1312 953 1346 et
981 1307 1029 1345 in
1077 1314 1242 1343 novam
1290 1314 1450 1342 excre-

159 1369 244 1409 scit
257 1367 476 1424 plantam.
507 1367 658 1419 Quare
680 1381 831 1408 semen
851 1378 977 1409 ovum
987 1363 1253 1422 plantarum
1271 1366 1451 1403 vetusta

162 1426 457 1485 Empedoclis
485 1427 705 1470 sententia
721 1459 733 1469 .

548 1545 593 1587 A
597 1544 821 1602 mygdala.
854 1542 1040 1585 Germen
1061 1574 1070 1583 .

219 1665 263 1721 §.
293 1664 365 1707 62.
396 1663 551 1706 Partes
580 1664 762 1706 seminis
809 1665 991 1704 internae
1011 1693 1023 1711 ‚
1056 1667 1103 1701 et
1130 1666 1324 1701 externae
1348 1690 1357 1699 .
1376 1657 1453 1698 In-

168 1732 300 1767 ternae
331 1724 469 1765 simul
500 1732 685 1781 sumptae
701 1724 946 1780 amygdalae
996 1723 1177 1763 nomine
1228 1721 1420 1761 veniunt
1439 1751 1451 1767 ,

162 1799 361 1843 quarum
392 1786 620 1842 praeoipua
650 1792 717 1826 est
747 1797 921 1840 germen
946 1815 957 1833 ‚
988 1781 1179 1838 embryo,
1212 1779 1452 1827 corculum,

160 1845 377 1903 plantula
406 1859 433 1886 a
457 1843 710 1902 Malpighio
740 1877 752 1895 ,
781 1858 857 1885 cor
888 1844 1062 1885 seminis
1090 1858 1116 1883 a
1141 1840 1319 1882 Grewio
1340 1853 1453 1878 nun-

165 1912 362 1963 cupata,
398 1905 517 1947 unde
548 1903 707 1962 planta
757 1902 944 1945 futura.
978 1901 1173 1944 Germen
1226 1898 1452 1941 dividitur

164 1968 212 2006 in
243 1966 484 2008 radiculam
513 1964 678 2006 Grewii
698 1997 708 2014 ‚
741 1972 787 2006 et
817 1963 1054 2006 Goertneri
1077 1994 1087 2011 ‚
1111 1963 1203 2003 sive
1234 1959 1455 2002 rostellum

167 2027 334 2067 Linnaei
353 2058 365 2076 ,
395 2026 443 2067 in
473 2025 633 2068 collum
656 2058 666 2076 ‚
698 2032 744 2065 et
773 2027 820 2065 in
851 2037 1061 2079 gemmam
1080 2054 1090 2070 ,
1137 2035 1234 2078 quae
1264 2035 1291 2061 a
1341 2033 1457 2059 non-

168 2085 311 2127 nullis
341 2085 512 2128 (licitur
541 2085 758 2141 gemmula
776 2118 787 2135 ‚
810 2084 882 2126 vel
929 2082 1137 2140 plumula
1163 2114 1172 2123 .
1226 2080 1345 2121 Sunt
1374 2080 1454 2135 qui

168 2148 304 2187 etiam
335 2161 514 2203 germen
547 2145 850 2204 quarumdam
881 2143 1143 2202 plantarum
1198 2139 1331 2184 blasti
1382 2152 1457 2180 no-

175 2210 295 2248 mine
325 2206 564 2265 designant
582 2239 592 2249 .
