1669 2563
276 178 360 220 290

274 265 596 323 Interfoliaceoe
621 299 630 317 ,
662 280 757 324 quae
790 268 878 307 sitae
910 267 1024 305 inter
1052 266 1179 322 paria
1210 262 1430 305 foliorum
1465 265 1511 305 in

161 332 164 336 '
218 326 332 368 folio
364 329 615 384 composito
638 359 647 368 .
682 327 720 367 A
752 326 852 368 loco
877 359 887 377 ,
921 340 1055 382 quem
1088 324 1162 366 hic
1195 332 1349 366 tenent
1374 357 1385 374 ,
1430 324 1509 365 de-

221 389 521 429 terminantur
1327 428 1329 431 ¹

279 446 405 489 Inter
451 448 598 489 omnia
645 447 808 504 paria,
853 447 965 487 inter
1005 443 1200 498 infimum
1235 457 1329 500 par
1353 474 1363 492 ‚
1403 443 1514 483 inter

220 521 494 563 supremum,
527 517 569 548 et
598 507 791 562 infimum
812 520 906 563 par
933 537 944 556 ‚
979 506 1090 546 inter
1132 504 1219 544 duo
1262 505 1400 559 paria
1448 504 1512 542 in-

212 568 385 625 feriora
413 600 422 609 .

282 627 567 668 Pedicellatae
595 659 604 676 ‚
633 626 806 668 sessiles
833 657 843 666 .

283 686 483 729 Globosae
507 719 517 736 ‚
555 696 692 729 ovatae
713 718 723 736 ,
774 683 972 742 oblongae
996 716 1007 734 ‚
1059 690 1211 724 teretes
1241 713 1251 731 ,
1294 681 1479 722 clavatae
1503 713 1513 730 ,

220 749 406 804 peltatae
429 780 439 795 ‚
469 745 683 788 subulam
702 777 719 797 ,
748 746 964 800 elongatae
988 776 999 794 ,
1033 751 1174 783 acutae
1195 774 1206 791 ‚
1239 739 1402 783 obtusae
1423 773 1432 782 .

284 807 548 861 Depressoe*7
582 805 843 846 orbiculares
866 836 876 853 ‚
902 804 1133 845 urceolatae
1149 836 1159 851 ,
1189 802 1431 842 scutellatae
1454 832 1463 841 .

296 867 569 909 [stricalares
593 897 604 915 ,
638 879 734 921 quae
778 862 1046 920 pellucidae,
1081 861 1259 919 repletae
1293 860 1395 902 oleo
1444 874 1525 901 vo-

229 926 347 968 latili
373 957 381 966 .

289 985 511 1027 Solitarice
530 1016 540 1033 ‚
573 983 683 1024 binae
708 1016 719 1033 ‚
751 981 897 1023 multae
921 1014 932 1032 ‚
961 983 1178 1038 oppositae
1196 1013 1207 1030 ‚
1239 994 1404 1036 sparsae
1429 1012 1437 1021 .

772 1100 950 1143 Colores
969 1133 978 1141 .

291 1224 335 1280 ς.
363 1225 458 1280 157.
492 1222 676 1264 Nullibi
699 1221 815 1263 forte
837 1214 1084 1262 solemnius
1105 1251 1116 1269 ‚
1148 1232 1287 1275 quam
1319 1218 1366 1258 in
1390 1216 1524 1275 plan-

235 1288 291 1325 tis
320 1318 329 1334 ,
381 1285 594 1341 adagium
651 1282 773 1324 illud
822 1280 1025 1324 Nimium
1074 1295 1127 1321 ne
1177 1279 1300 1320 crede
1354 1280 1523 1320 colori.

235 1344 394 1386 Nihilo
420 1353 570 1387 tamen
603 1347 749 1385 secius
780 1357 886 1383 cum
917 1340 1094 1382 colores
1141 1338 1407 1396 plantarum
1433 1370 1443 1389 ,
1482 1347 1527 1379 et

236 1407 458 1463 praecipue
509 1403 674 1446 florum
722 1418 803 1444 nos
834 1399 1154 1458 praeterfugere
1187 1413 1277 1439 non
1314 1401 1489 1456 possint
1515 1431 1527 1449 ‚

234 1474 280 1506 ct
312 1481 420 1522 saepe
452 1465 708 1523 quidquam
754 1461 991 1504 conferant
1041 1461 1097 1501 ad
1151 1461 1320 1516 species
1365 1459 1527 1516 digno—

235 1527 419 1568 scendas
446 1559 456 1576 ‚
486 1520 1030 1582 semperqueadnotandi
1066 1522 1224 1561 sintin
1255 1519 1528 1575 descriptio-

233 1587 370 1628 nibus
402 1585 663 1643 plantarum
691 1617 701 1635 ‚
734 1598 825 1624 uon
848 1584 935 1624 erit
967 1582 1047 1622 abs
1080 1597 1128 1622 re
1180 1579 1254 1620 hic
1308 1579 1528 1621 exhibere

235 1646 463 1688 voeabula
499 1648 748 1703 praecipuos
779 1643 1042 1700 plantarum
1074 1640 1251 1681 colores
1284 1641 1490 1680 sistentia
1515 1671 1524 1680 .

234 1707 378 1748 Antea
401 1722 507 1748 vero
539 1721 719 1746 monere
761 1706 890 1760 juvat
909 1736 919 1753 ,
967 1708 1143 1759 partem
1174 1699 1377 1756 aliquam
1400 1698 1530 1756 plan-

234 1775 286 1806 tae
335 1769 489 1808 vocari
522 1766 778 1815 bicolorem‚
816 1764 1058 1806 tricolorem
1084 1793 1095 1811 ‚
1128 1775 1234 1801 cum
1264 1759 1378 1799 duos
1402 1791 1412 1809 ,
1457 1757 1531 1800 vel

236 1834 327 1867 tres
357 1827 557 1868 diversos
587 1825 762 1866 colores
783 1839 868 1881 prae
891 1839 934 1864 se
962 1822 1052 1863 fert
1074 1823 1122 1860 in
1145 1819 1301 1860 eadem
1335 1817 1531 1875 superfi-

235 1889 304 1927 cie
338 1919 347 1935 ‚
376 1888 630 1927 discolorem
653 1918 663 1934 ‚
695 1899 801 1925 cum
831 1884 969 1924 habet
1000 1880 1176 1922 colores
1229 1878 1431 1920 diversos
1484 1881 1532 1919 in

238 1945 562 2003 superficiebus
594 1945 784 1987 diversis
802 1976 812 1994 ‚
846 1943 1114 1984 concolorem
1137 1972 1147 1989 ‚
1175 1953 1281 1979 cum
1327 1936 1530 1979 inficitur

238 2007 396 2048 eodem
451 2005 605 2046 colore
637 2006 779 2061 partis
825 2001 945 2044 alius
973 2035 983 2052 ‚
1018 2014 1216 2058 quacum
1247 1997 1484 2041 confertur
1514 2031 1524 2040 .

239 2067 400 2124 Itaque
430 2065 558 2107 color
591 2072 783 2107 vocatur

247 2142 283 2169 ι.
319 2125 460 2169 Albus
484 2159 495 2177 ,
528 2128 676 2167 niveas
701 2158 712 2175 ,
759 2124 926 2165 lacteus
954 2155 966 2173 ‚
997 2122 1079 2179 qui
1116 2118 1340 2162 candidus
1369 2120 1490 2161 nivis
1523 2150 1533 2168 ‚

241 2196 324 2230 aut
354 2186 487 2228 lactis
519 2187 660 2227 instar
688 2217 697 2226 .

302 2247 548 2302 Argenteus
573 2279 583 2296 ‚
620 2245 755 2287 albus
779 2276 789 2294 ‚
821 2243 995 2285 nitidus
1024 2275 1034 2283 .

303 2307 488 2350 Sordide
519 2306 644 2347 albus
668 2338 678 2356 ,
727 2311 864 2363 prout
902 2302 1008 2362 plus
1037 2303 1243 2344 minusve
1295 2298 1464 2342 recedit
1510 2313 1535 2339 a

245 2368 441 2411 candore
472 2368 603 2408 niveo
625 2399 633 2408 .
