1669 2563
1349 206 1396 247 17

681 382 911 425 Radit-ula
934 413 944 422 .

226 530 270 587 §.
303 531 375 574 63.
408 530 635 574 Radicula
664 565 676 583 ,
709 547 816 573 mox
849 531 1049 574 radicem
1105 534 1262 575 sistens
1291 566 1301 582 ,
1335 534 1463 590 apice

165 605 248 633 suo
280 591 337 632 ad
368 595 598 634 exteriora
624 592 770 634 tendit
791 594 837 633 in
869 594 1036 633 semine
1056 625 1066 643 ‚
1094 602 1147 634 ut
1184 595 1321 634 citius
1348 593 1462 633 iiius:

165 651 378 692 deveniat
406 685 417 704 ‚
451 654 571 694 unde
596 652 754 711 planta
786 655 1039 693 nutricium
1075 668 1262 695 succum
1315 653 1466 694 valeat

162 709 388 762 haurire3
435 728 576 770 quare
603 746 614 764 ,
669 712 877 754 radicula
930 715 1109 754 concisa
1135 747 1145 764 ‚
1180 712 1317 770 paulo
1364 721 1464 770 post

163 785 288 814 mors
316 773 530 831 plantuiae
554 806 564 816 .
596 773 873 830 Plerumque
906 772 1239 830 simplicissima
1271 782 1370 823 est3
1417 781 1463 814 at

161 831 210 872 in
241 837 489 890 gramineis
519 834 687 892 plantis
718 833 1027 890 multipartita
1059 836 1290 875 occurrit.

222 892 266 948 §.
284 893 355 949 64.
375 895 509 937 Nunc
525 893 664 945 nuda,
682 909 801 934 nune
820 892 1000 934 sacculo
1018 903 1311 944 cai·nos‹>‚aut
1328 909 1463 933 mem-

162 949 392 997 branaceo
426 954 647 997 obvoluta
673 988 684 1006 ,
717 969 852 1011 quem
888 955 1144 996 coleorlzizae
1179 956 1357 995 nomine
1391 969 1462 993 re-

158 1016 384 1057 centiores
414 1015 721 1057 distinxerunt
747 1048 757 1066 ,
775 1014 1132 1072 praevi‹leratque
1150 1014 1430 1071 Malpighius
1448 1046 1458 1054 .

160 1069 386 1118 Sacc-ulus
416 1078 498 1118 iste
531 1075 758 1117 interdum
791 1074 926 1116 facile
957 1077 1015 1117 ab
1047 1075 1129 1116 iiia
1164 1075 1366 1123 secedit,
1398 1076 1462 1113 in-

161 1133 342 1177 terdum
371 1138 544 1177 arctius
575 1136 722 1177 eidem
754 1135 949 1176 adhaeret
973 1168 981 1176 .
1015 1134 1082 1176 Ex
1106 1135 1176 1176 his
1197 1137 1314 1176 notis
1337 1133 1461 1189 plan-

160 1198 211 1232 tae
242 1196 462 1238 exorlzizae
481 1229 491 1246 ‚
522 1197 615 1237 sive
666 1195 873 1237 radicula
920 1196 1044 1237 nuda
1070 1228 1081 1246 ‚
1113 1203 1157 1237 et
1177 1194 1419 1236 endorhizae
1447 1224 1458 1242 ,

160 1253 253 1293 sive
286 1256 497 1297 radicula
529 1264 647 1297 tecta
672 1288 684 1305 ,
718 1271 744 1296 a
774 1255 1003 1296 Richardo
1035 1256 1161 1296 dietae
1187 1288 1196 1297 .

226 1312 272 1368 ξ.
309 1316 381 1358 65.
415 1315 642 1356 Radia-ula
673 1323 802 1356 extra
840 1317 1150 1372 integumenta
1200 1315 1379 1355 seminis
1414 1315 1461 1353 in

160 1376 488 1427 germinatione
521 1375 811 1432 protruditur
837 1407 848 1424 ‚
881 1382 924 1414 et
956 1375 1011 1416 ad
1056 1382 1264 1416 centrum
1318 1372 1460 1414 tellu-

160 1433 222 1473 ris
252 1432 346 1474 fere
379 1450 553 1490 semper
584 1436 731 1490 vergit
754 1466 762 1474 .
796 1435 1187 1476 Animadverterat
1219 1433 1422 1475 Grewius
1446 1463 1457 1480 ,

166 1492 201 1531 si
236 1499 364 1534 terrae
398 1493 639 1535 mandetur
685 1493 790 1534 faba
824 1494 1032 1534 radicula
1085 1509 1264 1534 sursum
1295 1507 1423 1533 Versa
1448 1523 1459 1541 ‚

159 1551 414 1594 radiculam
446 1553 561 1595 hano
587 1555 912 1610 germinantem
940 1556 1046 1594 unci
1079 1555 1218 1593 instar
1252 1555 1459 1591 incurva-

160 1612 198 1651 ri
226 1643 237 1661 ,
289 1621 334 1653 et
384 1617 432 1656 in
491 1621 657 1654 terram
710 1612 978 1653 descendere
1003 1647 1011 1655 .
1063 1612 1300 1653 Hamelius
1355 1626 1460 1652 eum

157 1670 368 1727 glandem
400 1688 598 1732 quereus
630 1675 749 1713 intra
774 1675 972 1714 vitreum
1003 1687 1079 1713 vas
1112 1671 1321 1713 radicula
1354 1686 1456 1711 sur-

158 1746 258 1773 sum
287 1747 414 1776 versa
461 1736 645 1776 sevisset
667 1765 677 1784 ‚
734 1748 850 1789 apex
901 1735 1195 1790 germinantis
1246 1730 1456 1772 radiculae

158 1790 287 1833 illico
319 1795 365 1835 in
400 1803 568 1836 terram
617 1791 843 1842 inssexus3
894 1802 940 1834 at
964 1825 975 1843 ‚
1027 1808 1129 1834 vase
1182 1801 1356 1849 partem
1411 1792 1458 1830 in

158 1856 433 1896 contrariam
461 1855 634 1912 pluries
681 1868 899 1895 converso
928 1886 938 1903 ,
995 1852 1205 1894 radicula
1256 1849 1457 1892 flexuosa

158 1910 278 1954 facta
311 1923 377 1955 est
396 1948 405 1957 .
440 1918 673 1957 Hunterus
706 1923 829 1955 terrae
860 1915 1086 1954 commisit
1117 1928 1266 1956 semen
1287 1915 1332 1952 in
1358 1926 1457 1952 cen-

159 1979 229 2012 tro
263 1974 437 2030 sphaerae
472 1984 693 2034 perpetuo
727 1976 773 2015 in
805 1975 963 2015 orbem
1007 1982 1111 2016 actae
1139 1991 1148 2023 3
1202 1974 1457 2029 germinans

160 2032 365 2076 radicula
397 2039 444 2078 in
478 2037 634 2078 orbem
666 2034 913 2075 convoluta
939 2067 949 2083 ‚
982 2036 1074 2076 cito
1107 2036 1283 2091 periens
1307 2064 1315 2073 .

219 2092 263 2148 §.
296 2095 366 2137 66.
399 2097 610 2149 Quaenam
643 2097 700 2136 sit
729 2096 798 2137 vis
823 2127 833 2144 ‚
867 2110 963 2152 quae
997 2093 1251 2136 radiculam
1281 2091 1338 2132 ad
1372 2098 1457 2130 ter-

161 2166 214 2192 rae
259 2165 465 2198 centrum
498 2154 742 2214 impellat,
777 2157 996 2196 sententia
1028 2156 1207 2197 diversa
1236 2185 1245 2193 .
1283 2150 1457 2193 Dodar-

161 2213 250 2253 tius
282 2217 456 2270 primus
488 2217 691 2259 omnium
722 2217 872 2256 nisum
905 2216 1071 2257 tribuit
1105 2211 1316 2257 radiculae
1338 2210 1452 2251 illuc

161 2273 297 2313 eundi
323 2306 334 2324 ,
387 2292 479 2333 quo
533 2277 698 2319 humor
753 2277 896 2333 ipsam
951 2277 1151 2318 traheret
1173 2307 1184 2325 ,
1239 2270 1452 2330 plunmlae

159 2346 297 2384 vero,
330 2350 421 2392 quo
454 2338 646 2380 siccitas.
678 2335 772 2378 Alii
804 2336 850 2378 id
872 2338 1101 2393 assignant
1126 2336 1293 2392 potiori
1329 2331 1452 2373 succi

1130 2413 1156 2439 2
