1669 2563
1298 85 1382 138 243

162 213 189 238 a
223 204 348 254 parte
383 193 605 253 superiori
637 192 802 248 stipitis
843 191 1135 241 extenditur,
1186 199 1229 231 et
1278 204 1444 230 conne-

161 259 305 298 ctitur
336 271 441 297 cum
472 268 549 295 ora
581 250 690 309 pilei
715 282 726 300 ,
758 265 784 290 a
813 263 905 306 qua
950 250 1131 292 denium
1174 257 1406 306 separatur
1432 279 1442 289 .

162 316 304 357 Ludit

218 375 429 421 Erectus,
462 374 656 411 inversus
679 400 690 418 ‚
716 366 872 424 fugax
897 400 908 417 ,
935 371 1173 424 persistens
1191 397 1201 407 .

218 434 262 489 ς.
285 448 354 491 99.
379 430 560 472 Cortina
592 437 658 470 est
690 428 952 469 membrana
987 424 1287 469 arachnoidea
1324 422 1444 465 Fun-

157 506 309 549 goram
326 524 337 542 ‚
369 489 575 547 fragilior
608 486 769 537 anulo,
795 501 891 543 quae
917 488 974 529 ab
997 502 1075 528 ora
1097 486 1206 544 pilei
1229 485 1445 540 pertingit

157 552 213 593 ad
236 553 430 607 stipitem
450 581 461 599 ‚
494 564 520 590 a
550 562 642 604 quo
663 548 845 588 demum
877 548 1155 604 sejungitur,
1182 545 1446 586 remanenti-

157 612 245 652 bus
275 608 488 652 frustulis
517 609 618 664 ejus
648 609 693 648 in
725 607 926 664 margine
960 607 1069 664 pilei
1098 638 1108 648 .

217 670 262 725 §.
294 683 390 711 100.
422 668 630 711 Cuticula
659 674 725 709 est
746 667 1009 708 membrana
1055 664 1293 724 praetenuis
1319 694 1331 711 ‚
1378 659 1446 701 fu-

154 745 241 786 gax
261 761 271 779 ‚
304 743 400 786 quae
433 730 579 785 operit
609 726 824 769 laminam
857 726 1129 784 proligeram
1158 757 1169 775 ‚
1210 724 1323 763 idest
1374 736 1446 761 re-

152 788 445 847 ceptaculum
476 787 777 845 fructigerum
808 786 1114 845 quorumdam
1146 784 1385 826 Liclcetzum
1409 812 1418 821 .

600 905 990 963 Conceptaculum.

209 1026 254 1082 ξ.
286 1041 379 1068 101.
406 1025 617 1077 Nucula,
642 1025 872 1067 Indusium
894 1023 1226 1072 Willdenowii‚
1253 1029 1318 1064 est
1341 1035 1447 1062 con-

151 1087 445 1144 ceptaculum
480 1089 738 1128 coriaceum
769 1117 780 1135 ,
811 1084 1020 1126 clausum
1046 1116 1057 1134 ‚
1091 1082 1333 1125 visibiliter
1381 1080 1443 1122 fe-

153 1163 256 1189 rens
289 1162 457 1204 organa
481 1154 733 1204 utrumque
764 1160 921 1186 sexum
953 1145 1196 1193 imitantia,
1229 1156 1348 1183 nunc
1380 1143 1445 1181 si-

151 1206 284 1256 mul,
317 1223 436 1247 nunc
469 1208 653 1247 seorsim
680 1238 689 1248 .
724 1205 910 1247 Dicitur

210 1266 404 1307 Globosa
420 1299 431 1317 ,
459 1267 745 1307 zmzlocularis
768 1297 779 1316 ,
812 1265 1146 1321 plarilocularis
1160 1294 1176 1315 ,
1212 1263 1413 1304 solitaria
1432 1292 1444 1310 ‚

150 1335 393 1382 aggregata
423 1358 434 1375 ,
465 1327 626 1367 sessilis
649 1358 660 1376 ‚
686 1325 994 1382 pedunculata
1017 1356 1028 1367 .

210 1386 253 1440 §.
293 1399 386 1428 102.
419 1384 620 1441 Capsula
649 1394 715 1427 est
768 1382 1147 1441 conceptaculum
1198 1380 1443 1423 visibiliter

151 1444 420 1486 unisexuale
453 1444 709 1488 foemineum
734 1477 745 1496 ,
779 1452 937 1501 sponte
962 1476 972 1494 ,
1004 1458 1109 1483 cun]
1140 1442 1416 1483 maturuerit
1435 1472 1446 1488 ‚

150 1507 194 1545 111
220 1503 374 1546 valvas
402 1537 412 1554 ‚
460 1514 541 1545 aut
573 1506 727 1546 dentes
755 1505 988 1546 dehiscens
1015 1535 1024 1544 .
1059 1502 1260 1544 Vocatur

217 1564 517 1606 Unilocularis
542 1596 554 1615 ‚
599 1565 853 1607 bilocularis
894 1566 974 1606 &a
1001 1595 1012 1612 ‚
1061 1561 1398 1605 multilocularis
1423 1574 1449 1599 a

150 1624 483 1680 dissepimentis
513 1626 700 1666 internis
718 1657 728 1667 .

208 1683 414 1724 Bivalvis
439 1716 450 1734 ‚
500 1686 693 1727 trivalvis
734 1686 846 1735 δα,
893 1682 1190 1731 ηιιιῖῐίυαῖνὶε,
1236 1696 1261 1721 a
1305 1680 1448 1736 parti-

150 1743 238 1784 bus
263 1776 274 1793 ‚
308 1745 353 1784 in
383 1759 498 1801 quas
532 1745 699 1786 secedit
721 1776 732 1786 .
1025 1758 1027 1761 '

210 1802 616 1860 Longitudinaliter
638 1804 881 1854 dehiscens,
910 1816 1007 1860 quae
1028 1801 1249 1843 dividitur
1280 1799 1325 1839 in
1351 1813 1450 1855 par-

152 1869 217 1902 tes
248 1863 360 1905 duas
389 1880 468 1921 per
501 1863 833 1921 longitudinem
880 1878 1007 1904 Suam
1034 1895 1044 1912 ,
1098 1875 1296 1919 quarum
1341 1873 1450 1898 una-

152 1936 337 1979 quaeque
377 1923 737 1966 multilocularis
761 1956 773 1974 ‚
811 1923 979 1965 loculis
1014 1937 1126 1980 poro
1177 1919 1450 1963 dehiscenti-

151 1983 238 2023 bus
268 2014 278 2024 .

213 2041 436 2085 Dentibus
487 2046 616 2100 apice
667 2043 890 2086 dehiscens
917 2075 928 2093 ‚
984 2042 1282 2099 irregulariter
1328 2036 1450 2080 dehi-

155 2115 278 2143 scens
302 2134 312 2143 .

214 2161 444 2219 Didyma,
471 2161 742 2204 bilocularis
766 2194 777 2212 ,
814 2169 859 2203 et
889 2164 1019 2219 quasi
1051 2177 1106 2201 ex
1137 2160 1257 2202 binis
1285 2170 1449 2197 conce-

157 2221 353 2279 ptaculis
384 2221 600 2280 globosis,
633 2223 879 2273 distinctis,
912 2231 959 2265 at
991 2220 1127 2265 simul
1159 2220 1276 2261 natis
1306 2216 1444 2258 facta.
