1669 2563
250 179 306 236 98

190 282 430 326 humorem
458 298 515 331 ex
535 285 735 343 margine
757 285 981 344 superiori
998 283 1130 327 inlati
1151 283 1356 331 vulneris
1388 301 1487 329 ma-

191 359 297 385 nare
328 344 445 387 vidit
485 347 532 387 in
581 347 742 388 arbore
772 379 784 397 ,
831 346 953 388 hunc
992 360 1082 386 non
1133 347 1259 387 succi
1310 348 1493 404 proprii

191 402 296 445 loco
322 437 334 456 ‚
386 404 465 452 sed
519 406 678 448 cambii
703 439 715 458 ,
771 414 824 447 ut
874 408 1006 463 ajunt
1031 438 1043 457 ‚
1090 407 1270 451 censuit
1325 406 1497 448 haben-

192 463 304 505 dum
332 496 342 506 .

250 523 296 581 §.
326 524 427 567 308.
458 523 638 577 Quibus
667 524 868 568 Mirbelii
895 526 1128 568 sententiis
1147 525 1493 584 respondemus,

191 584 436 633 indubium
467 600 560 628 esse
586 619 597 638 ,
629 586 912 643 lymphatica
942 601 1049 634 vasa
1079 585 1198 628 ferre
1254 586 1498 628 ascenden-

192 651 283 686 tem
315 659 531 697 succum3
564 662 669 688 nam
691 655 845 693 actum
877 646 996 689 foret
1017 647 1072 688 de
1097 645 1240 702 sylvis
1266 647 1496 697 omnibus,

193 706 229 746 si
259 704 307 747 id
337 708 538 748 muneris
555 705 866 749 trachealibus
896 709 1016 749 vasis
1044 705 1364 748 concreditum
1381 705 1499 746 fuis-

195 772 261 806 set
285 797 297 816 ,
330 780 427 823 quae
448 769 613 824 passim
650 767 950 816 destruuntur
981 769 1029 808 in
1053 767 1324 809 caudicibus
1355 780 1497 806 anno-

194 839 347 868 sarum
377 827 596 869 arborum
620 859 631 878 ,
664 842 771 869 cum
802 836 953 870 tamen
985 826 1048 868 hae
1078 828 1265 877 vivant,
1296 827 1497 883 vigeant,

194 882 412 938 floreant,
444 894 581 944 atque
611 884 888 929 fructificent
909 920 920 935 ,
952 887 1098 942 Cujus
1131 887 1197 931 rei
1236 885 1503 943 exemplum

195 948 397 988 omnium
441 949 858 1004 praestantissimum
902 960 984 988 nos
1033 945 1256 987 habemus
1299 948 1346 987 in
1379 944 1503 987 Oleis

192 1008 382 1057 nostris,
414 1021 538 1062 quae,
572 1013 667 1047 toto
695 1005 822 1064 ligno
853 1020 966 1062 pene
999 1005 1244 1066 absumpto
1265 1037 1277 1056 ‚
1317 1006 1372 1047 de
1403 1005 1503 1047 solo

193 1068 365 1109 cortice
394 1065 487 1108 fere
507 1068 687 1120 vivunt,
717 1074 762 1106 et
791 1068 839 1106 in
861 1065 1179 1122 longissimum
1204 1079 1347 1106 aevum
1397 1064 1500 1106 fru-

193 1124 360 1168 ctiferae
393 1125 668 1183 perdurant.
701 1126 894 1183 Insuper
927 1123 1180 1166 trachealia
1222 1138 1330 1165 vasa
1349 1139 1501 1167 aerem

194 1183 342 1237 ferre,
377 1185 514 1228 facile
546 1185 698 1243 liquet
730 1199 787 1226 ex
821 1191 942 1226 secta
973 1184 1137 1226 arbore
1158 1216 1169 1236 ‚
1203 1183 1315 1230 dum
1348 1187 1504 1226 onmia

195 1258 301 1287 vere
333 1259 469 1287 succo
502 1253 716 1302 turgent3
751 1259 997 1303 spumosus
1030 1246 1150 1289 enim
1181 1258 1275 1300 aer,
1310 1243 1506 1285 subinde

195 1307 334 1347 etiam
376 1319 482 1347 cum
508 1304 675 1357 sibilo,
709 1305 765 1346 de
817 1304 1017 1346 tracheis
1073 1306 1199 1346 exire
1243 1305 1371 1345 visus
1402 1311 1470 1345 est
1492 1335 1504 1345 .

201 1365 251 1409 Si
283 1380 448 1408 succus
489 1366 704 1423 proprius
749 1372 937 1423 paratur
993 1365 1040 1405 in
1085 1362 1322 1422 superficie
1366 1365 1508 1405 totius

200 1426 384 1485 plantae,
415 1428 600 1473 cuinam
647 1428 756 1467 usui
787 1424 899 1467 folia
930 1425 1222 1468 inserviunt?
1254 1423 1376 1478 Quid
1421 1424 1508 1466 sibi

197 1486 304 1528 vult
357 1488 477 1527 actio
523 1488 641 1527 aeris
690 1484 1019 1541 atmosphaerici
1040 1515 1051 1533 ‚
1109 1482 1319 1540 lucisque
1369 1498 1507 1540 super

198 1545 352 1588 folia?
382 1545 623 1598 Quomodo
648 1559 812 1592 succus
844 1545 1059 1601 proprius
1091 1544 1139 1583 in
1198 1543 1508 1600 penitioribus

197 1605 529 1649 fasciculorum
558 1606 676 1646 vasis
709 1606 937 1661 reperitur
978 1605 1026 1644 in
1056 1602 1508 1660 monocotyledoneis

199 1665 403 1725 plantis?
435 1664 674 1716 Quomodo
716 1679 878 1705 succus
931 1664 1146 1723 proprius
1190 1662 1316 1705 deest
1348 1664 1396 1704 in
1438 1678 1509 1704 ea·-

200 1725 409 1768 rumdem
439 1724 701 1782 plantarum
733 1721 998 1782 superficie?
1029 1723 1240 1780 Denique
1288 1736 1381 1780 quo
1426 1737 1509 1780 pa-

198 1793 275 1827 cto
300 1785 430 1827 hicce
461 1798 624 1826 succus
649 1786 696 1826 in
722 1783 983 1842 plantarum
1009 1783 1241 1824 radicibus
1272 1785 1391 1824 intra
1416 1791 1509 1823 ter-

201 1860 300 1888 ram
331 1843 523 1902 sepultis
542 1876 553 1894 ,
587 1851 632 1886 et
675 1845 733 1887 ab
770 1859 872 1886 aere
893 1876 905 1896 ‚
955 1851 1094 1902 atque
1124 1842 1229 1885 luce
1260 1843 1507 1906 prohibitis

201 1906 459 1948 adinveniri
492 1905 678 1960 potest?

261 1965 305 2021 ᾗ.
341 1966 445 2021 309.
478 1964 637 2021 Atqui,
669 1964 1003 2007 ramoarboris
1026 1964 1205 2005 circum
1237 1966 1362 2005 circa
1384 1963 1505 2005 deli-.-

201 2034 324 2083 gato,
356 2027 494 2066 etiam
525 2039 680 2075 ramo,
710 2025 791 2082 qui
821 2023 878 2066 ad
926 2032 1092 2073 terram
1147 2021 1396 2066 reflectitur
1416 2056 1427 2075 ‚
1461 2032 1506 2066 et

201 2084 446 2142 dependet,
498 2090 658 2141 turgor
705 2100 843 2143 supra
873 2083 1175 2143 ligamentum
1207 2086 1356 2126 oritur
1405 2087 1507 2142 api-2

201 2159 300 2186 cem
332 2146 445 2186 rami
476 2158 659 2187 versus.
690 2145 833 2203 Atqui
880 2144 1058 2186 radices
1105 2160 1161 2186 ex
1206 2144 1296 2186 hoc
1344 2145 1506 2188 eodem

203 2214 395 2263 turgore
428 2202 669 2262 pullulant
698 2206 745 2246 in
776 2206 1106 2263 propaginibus
1132 2238 1143 2256 ,
1167 2220 1281 2261 quas
1303 2213 1399 2247 arte
1423 2207 1508 2248 ob-

204 2269 404 2309 tinemus
432 2267 480 2306 in
510 2264 744 2307 viridariis
773 2267 940 2307 nostris
967 2297 976 2307 .
1010 2266 1125 2307 Item
1158 2267 1193 2306 si
1224 2267 1401 2325 integer
1433 2281 1510 2307 an-

205 2326 346 2370 nulus
368 2326 556 2368 corticis
575 2323 813 2369 auferatur
834 2326 893 2369 ab
915 2326 1097 2381 arbore,
1121 2325 1300 2385 lignum
1336 2341 1509 2370 novum
