1669 2563
221 119 300 161 160

499 220 600 262 XX.
649 220 911 278 Gynandria
955 222 1225 264 staminibus
1273 220 1449 278 pistillo

495 293 501 298 ·
687 282 993 324 insidentibus
1023 315 1032 323 .

212 342 261 398 §.
293 342 333 383 5.
364 340 522 383 Flores
550 339 744 396 diclynii
789 343 937 384 trihus
963 350 1141 384 tantum
1195 341 1453 383 rationibus

155 404 336 444 varianff
360 435 370 452 ,
403 417 457 442 ex
482 402 653 458 quibus

279 462 457 505 Cmssm
488 460 613 503 XXI.
658 459 900 503 Monoecia
930 458 1123 504 floribus
1169 457 1455 502 unisexuali-

691 521 778 562 bus
808 521 1023 563 masculis
1053 554 1064 572 ,
1095 528 1139 563 et
1170 519 1389 563 foemineis
1408 520 1457 559 in

696 581 852 622 eadem
879 580 1035 639 planta
1058 613 1068 622 .

482 639 632 682 XXII.
662 639 854 682 Dioecia
902 639 1094 683 floribus
1116 689 1120 692 q
1145 638 1363 681 masculis
1410 638 1458 679 in

693 701 869 742 diversa
898 700 1054 758 planta
1086 716 1112 741 a
1140 699 1360 741 foemineis
1385 728 1396 739 ,

464 758 636 801 XXIII.
672 759 940 817 Polygamz'a
955 758 1145 802 floribus
1164 758 1459 816 hermaphro-

695 819 802 861 ditis
839 821 1095 861 commixtis
1148 834 1254 860 cum
1304 820 1460 861 unisc-

697 879 918 920 xualibus
968 880 1059 920 sive
1090 878 1333 929 masculis,
1366 879 1460 920 sive

703 937 918 979 foemineis
949 940 996 978 in
1025 937 1182 979 eadem
1214 940 1377 995 specie.

222 999 267 1054 ξ.
300 997 342 1040 6.
374 995 539 1039 Plantae
582 1005 883 1055 cryptogamae
914 1012 1053 1038 unam
1085 1005 1264 1039 tantum
1291 1000 1457 1040 sistunt

172 1059 362 1101 classem
390 1090 401 1107 ‚
433 1071 530 1113 quae
558 1064 627 1097 est

281 1118 460 1160 CLASSIS
504 1115 674 1158 XXIV.
696 1114 1016 1174 Cryptogamia
1046 1139 1072 1166 ‚·
1099 1131 1127 1157 a
1174 1116 1463 1174 generatione

673 1176 857 1217 occulta
886 1179 951 1218 ita
979 1183 1143 1218 vocata
1169 1208 1179 1217 .

217 1238 264 1294 §.
300 1252 342 1294 7.
374 1235 445 1277 Ex
475 1235 646 1293 quibus
677 1237 890 1278 omnibus
920 1236 1069 1293 liquet
1090 1269 1101 1286 ‚
1135 1242 1283 1276 totum
1324 1242 1463 1291 syste-

158 1313 233 1340 ma
255 1296 441 1340 sexuale
460 1304 666 1337 constare
682 1298 845 1354 viginti
870 1306 1070 1354 quatuor
1092 1294 1331 1346 classibus,
1354 1311 1465 1353 qua-

159 1373 263 1401 rum
291 1359 453 1416 viginti
486 1364 576 1397 tres
598 1359 825 1414 pertinent
855 1357 913 1398 ad
938 1357 1115 1415 plantas
1133 1356 1460 1413 phaenogamas‚

158 1433 342 1476 unaque
374 1417 432 1459 ad
458 1425 778 1474 cryptogamas
802 1450 812 1459 .
843 1417 942 1458 Nec
973 1415 1074 1457 ulla
1106 1419 1223 1457 inter
1255 1419 1466 1457 innume-

159 1494 231 1520 ras
263 1477 440 1536 plantas
470 1479 528 1519 ab
550 1477 634 1518 hoc
658 1485 895 1534 systemate
927 1479 1110 1518 invento
1133 1476 1332 1517 detectas
1352 1475 1464 1517 huc-

159 1553 306 1595 usque
343 1545 521 1595 reperta
558 1545 655 1588 est,
695 1552 793 1595 quae
836 1536 894 1578 ad
938 1537 1071 1578 hasce
1125 1535 1290 1578 classes
1334 1549 1463 1577 acco-

161 1598 340 1640 modari
370 1599 634 1654 nequiverit
658 1629 667 1639 .

223 1658 268 1714 §.
301 1659 342 1699 8.
376 1657 586 1699 Attamen
606 1690 616 1708 ,
649 1665 830 1698 mortuo
863 1655 1060 1707 Linnaeo,
1086 1670 1177 1697 non
1197 1653 1464 1705 defuerunt,

161 1722 243 1775 q'ui
278 1717 332 1758 de
363 1715 652 1768 reformando
689 1724 927 1772 systemate
959 1715 1135 1758 sexuali
1155 1748 1166 1766 ,
1197 1714 1345 1772 deque
1378 1716 1465 1755 im-

164 1776 410 1819 minuendo
432 1808 444 1827 ,
478 1776 551 1818 vel
601 1777 809 1834 augendo
863 1791 1053 1818 nurnero
1103 1775 1320 1818 classium
1367 1775 1467 1829 ejus

164 1838 465 1895 cogitaverint
490 1869 500 1878 .
533 1837 632 1893 Ipse
663 1836 786 1878 filius
822 1837 990 1878 Linnaei
1011 1869 1022 1887 ,
1055 1843 1101 1877 et
1141 1835 1467 1892 Thunbergius

166 1897 333 1939 Linnaei
378 1896 635 1953 discipulus
677 1895 842 1939 classes
892 1896 1190 1954 gynandriam
1219 1928 1230 1946 ‚
1281 1909 1467 1935 monoc-

165 1960 282 1999 ciam
306 1990 316 2007 ,
367 1956 589 1998 dioeciam
611 1989 622 2008 ‚
673 1964 719 1997 et
769 1955 1077 2014 polygamiam
1137 1954 1431 1997 abstulerunt
1455 1987 1465 1996 .

167 2017 425 2059 Fridericus
455 2015 690 2058 Gmelinus
724 2016 845 2058 hisce
876 2017 1099 2058 classibus
1140 2015 1306 2057 ablatis
1337 2013 1468 2056 addi-

169 2078 239 2119 dit
274 2076 574 2118 icosandriam
599 2109 609 2119 .
654 2076 924 2119 Persoonius
968 2075 1341 2134 polyadclphiam
1367 2106 1378 2124 ‚
1424 2082 1470 2115 et

171 2137 479 2196 polyganiiam
504 2146 680 2178 tantum
712 2136 980 2179 auferendas
1010 2138 1188 2179 censuit
1215 2168 1223 2177 .
1255 2133 1471 2177 Cavanil-

171 2197 310 2239 lesius
350 2212 610 2255 suppressas
648 2214 675 2239 a
706 2197 884 2239 Linnaeo
914 2196 1008 2238 filio
1030 2230 1040 2248 ,
1074 2196 1394 2252 Thunbergio‚
1426 2201 1472 2234 et

172 2256 382 2301 Gmelino
417 2257 581 2301 classes
614 2257 852 2316 amplexus
886 2266 954 2302 est
976 2291 986 2308 ‚
1019 2265 1229 2315 praetcrea
1269 2254 1471 2299 abolevit
