1669 2563
1357 129 1431 180 141

271 245 315 301 ξ.
348 245 449 298 418.
487 242 573 283 Tot
597 273 606 289 ,
641 238 867 292 tantisque
898 235 1040 274 cormi
1062 232 1408 273 diversitatibus
1434 263 1444 281 ,
1470 239 1514 270 et

212 305 418 347 faciebus
440 304 620 343 nomina
641 298 820 337 diversa
846 294 1036 341 tributa,
1054 292 1108 332 de
1130 293 1298 347 quibus
1317 307 1397 332 suo
1416 290 1516 330 loco

214 364 600 423 pertractabimus
621 391 630 399 .
658 356 829 397 Verum
852 354 923 394 hic
945 366 1124 393 monere
1148 353 1291 405 juvat,
1313 365 1520 391 cormum

211 440 389 467 omnem
419 434 539 462 nunc
574 431 728 473 reapse
759 414 993 471 dispertiri
1025 414 1070 452 in
1102 410 1418 452 ascendentem
1443 441 1453 458 ,
1475 417 1521 449 et

212 489 259 526 in
291 480 633 525 descendentem
664 475 817 517 radice
848 489 971 524 vera,
1005 486 1124 513 nuuc
1156 470 1323 511 haerere
1349 483 1517 524 corpo-

211 546 342 587 ribus
376 538 559 598 papillis
584 570 594 588 ,
630 551 750 578 nunc
795 535 981 575 omnino
1041 532 1240 573 liberum
1272 532 1320 570 in
1375 542 1518 584 aquas

211 607 417 645 innatare
447 632 457 642 .

273 663 317 717 §.
347 663 449 718 419.
483 658 678 700 Cosmus
717 653 998 696 descendens
1044 650 1276 693 interdum
1323 646 1526 705 plurimo

215 721 569 781 parenchymate
599 717 837 758 crassescit
875 747 886 765 ‚
942 720 1188 768 antequam
1245 707 1449 750 solvatur
1481 708 1527 745 in

216 782 354 824 fibras
374 813 384 830 ,
417 780 681 835 diciturque
719 775 915 817 rlzizoma
938 806 949 824 ,
993 772 1119 830 quod
1151 770 1357 811 rhizoma
1405 780 1528 807 nunc

215 843 359 884 altius
391 843 438 881 in
470 848 639 880 terram
670 835 825 893 figitur
851 868 862 886 ,
916 848 1037 874 nunc
1111 823 1351 887 superficie
1404 834 1531 866 terrae

219 911 353 943 tenus
389 898 666 941 diffunditur
697 898 842 939 basim
876 896 1035 935 sistens
1066 892 1211 932 cosmi
1245 886 1529 930 ascendentis

219 960 412 1021 paleolis
439 973 666 1017 aspersam
687 989 698 1006 ‚
742 954 934 998 subinde
980 953 1196 1011 plurimis
1223 982 1235 1000 ,
1282 947 1529 995 mollibus,

221 1025 376 1064 ovium
401 1028 576 1077 tegmen
603 1017 924 1064 referentibus,
957 1029 1011 1055 ex
1037 1027 1130 1071 quo
1152 1013 1240 1052 ista
1261 1010 1403 1051 col-mi
1428 1021 1531 1064 pars

220 1084 342 1139 Agna*
363 1080 548 1138 scythici
576 1079 755 1120 nomine
787 1076 911 1118 venit
932 1106 942 1116 .

391 1199 555 1249 Folia,
588 1212 733 1240 eorum
777 1203 1003 1238 structura
1028 1224 1039 1243 ,
1076 1199 1118 1233 et
1156 1188 1347 1246 officium
1370 1219 1380 1228 .

287 1321 331 1377 ξ.
364 1323 466 1374 420.
498 1318 631 1361 Folia
660 1333 769 1359 vera
790 1319 945 1357 insunt
975 1314 1022 1353 in
1044 1308 1384 1365 acotyledoneis
1416 1305 1536 1347 fron-

233 1381 527 1423 descentibus
556 1411 567 1430 ,
599 1381 646 1419 in
691 1377 885 1425 Muscz's,
918 1377 963 1414 in
994 1371 1280 1428 aquatilibus
1336 1369 1495 1424 paucis
1523 1398 1534 1406 .

235 1441 409 1482 Eorum
440 1446 673 1480 structura
703 1436 947 1485 eadem,ac
971 1432 1055 1473 illa
1086 1432 1230 1471 cosmi
1251 1461 1260 1470 .
1292 1428 1534 1483 Respirant

233 1516 383 1542 aerem
408 1532 419 1550 ,
453 1498 528 1540 vel
558 1511 707 1538 aerem
733 1528 744 1546 ,
778 1502 824 1536 et
855 1507 1048 1550 aquam.
1082 1491 1152 1531 Ita
1181 1490 1423 1530 humorem
1455 1501 1537 1526 nu-

234 1563 445 1602 trientem
478 1572 599 1599 more
633 1556 1026 1614 phaenogamarum
1058 1548 1334 1608 perficiunt,
1367 1554 1414 1588 et
1467 1547 1538 1586 vi-

235 1636 382 1663 rorem
407 1652 418 1670 ,
450 1618 620 1659 aliosve
652 1615 828 1657 colores
858 1613 1175 1670 adipiscuntur
1200 1642 1209 1651 .

615 1735 674 1780 N
673 1737 951 1778 utrimentum
1002 1732 1136 1774 cornzi
1154 1762 1165 1771 .

297 1861 342 1916 §.
375 1863 475 1914 421.
507 1857 703 1901 Cormus
732 1856 1064 1896 nutrimentum
1096 1851 1236 1892 sumit
1266 1847 1340 1889 vel
1389 1845 1540 1886 radice

246 1936 383 1971 Vera,
429 1928 485 1961 ut
515 1921 562 1959 in
615 1915 956 1972 acotyledoneis
999 1912 1226 1954 frondosis
1250 1941 1260 1958 ‚
1310 1906 1503 1962 aliisque
1530 1936 1540 1954 ,

246 1980 320 2022 vel
351 1982 473 2037 poris
495 1977 750 2036 superficiei
776 1991 882 2025 suae,
905 1982 959 2014 ut
985 1976 1031 2014 in
1053 1969 1353 2029 aquatilibus,
1388 1965 1542 2005 Liclze-

244 2040 372 2081 nibus
403 2073 413 2090 ,
446 2039 623 2081 Muscis
649 2071 660 2088 ,
693 2052 790 2094 quae
824 2035 987 2093 plantae
1020 2036 1055 2075 si
1082 2038 1304 2079 arescant,
1338 2040 1543 2084 quacun-

247 2116 336 2156 que
372 2109 496 2157 parte
528 2114 647 2156 aqua
677 2098 1016 2153 demergantur,
1043 2096 1211 2134 iterum
1244 2091 1542 2131 reviviscunt.

246 2160 430 2217 Papillae
474 2174 684 2216 quoque,
728 2158 898 2214 quibus
919 2155 1063 2196 cosmi
1089 2152 1251 2194 alienis
1272 2147 1545 2204 corporibus

251 2221 418 2261 haerent
444 2251 455 2269 ‚
488 2220 715 2275 principia
745 2218 995 2272 nutrientia
1027 2214 1084 2255 ab
1116 2211 1275 2252 iisdem
1304 2208 1542 2253 hauriunt,

255 2278 465 2337 exemplo
500 2286 651 2320 terreae
684 2277 941 2319 substantiae
973 2277 1021 2315 in
1051 2270 1315 2315 Liclzenibus
1362 2264 1542 2308 multis.
