<?xml version="1.0" encoding="UTF-8"?>
<!DOCTYPE html PUBLIC "-//W3C//DTD XHTML 1.0 Transitional//EN"
    "http://www.w3.org/TR/xhtml1/DTD/xhtml1-transitional.dtd">
<html xmlns="http://www.w3.org/1999/xhtml" xml:lang="en" lang="en">
 <head>
  <title>
</title>
<meta http-equiv="Content-Type" content="text/html;charset=utf-8" />
  <meta name='ocr-system' content='tesseract 3.04.00' />
  <meta name='ocr-capabilities' content='ocr_page ocr_carea ocr_par ocr_line ocrx_word'/>
</head>
<body>
  <div class='ocr_page' id='page_1' title='image "antoniibertoloni00bert_0141.png"; bbox 0 0 1669 2563; ppageno 0'>
   <div class='ocr_carea' id='block_1_1' title="bbox 1254 132 1333 174">
    <p class='ocr_par' dir='ltr' id='par_1_1' title="bbox 1254 132 1333 174">
     <span class='ocr_line' id='line_1_1' title="bbox 1254 132 1333 174; baseline -0.013 -15"><span class='ocrx_word' id='word_1_1' title='bbox 1254 132 1333 174; x_wconf 80' lang='lat'>129</span> 
     </span>
    </p>
   </div>
   <div class='ocr_carea' id='block_1_2' title="bbox 105 221 1410 2314">
    <p class='ocr_par' dir='ltr' id='par_1_2' title="bbox 108 221 1399 465">
     <span class='ocr_line' id='line_1_2' title="bbox 110 221 1397 276; baseline -0.005 -7"><span class='ocrx_word' id='word_1_2' title='bbox 110 243 137 269; x_wconf 85' lang='lat' dir='ltr'>a</span> <span class='ocrx_word' id='word_1_3' title='bbox 165 228 368 269; x_wconf 81' lang='lat' dir='ltr'>maribus</span> <span class='ocrx_word' id='word_1_4' title='bbox 391 258 402 276; x_wconf 85' lang='lat'><strong>,</strong></span> <span class='ocrx_word' id='word_1_5' title='bbox 427 233 494 276; x_wconf 84' lang='lat' dir='ltr'>et,</span> <span class='ocrx_word' id='word_1_6' title='bbox 528 226 679 267; x_wconf 89' lang='lat' dir='ltr'>recisis</span> <span class='ocrx_word' id='word_1_7' title='bbox 699 223 900 263; x_wconf 85' lang='lat' dir='ltr'>maribus</span> <span class='ocrx_word' id='word_1_8' title='bbox 924 253 934 270; x_wconf 81' lang='grc'><em>,</em></span> <span class='ocrx_word' id='word_1_9' title='bbox 967 221 1127 271; x_wconf 75' lang='lat' dir='ltr'>viduae,</span> <span class='ocrx_word' id='word_1_10' title='bbox 1156 223 1246 262; x_wconf 84' lang='lat' dir='ltr'>imo</span> <span class='ocrx_word' id='word_1_11' title='bbox 1278 225 1397 262; x_wconf 85' lang='lat' dir='ltr'>intra</span> 
     </span>
     <span class='ocr_line' id='line_1_3' title="bbox 108 280 1391 343; baseline -0.006 -14"><span class='ocrx_word' id='word_1_12' title='bbox 108 303 187 329; x_wconf 83' lang='lat' dir='ltr'>vas</span> <span class='ocrx_word' id='word_1_13' title='bbox 216 290 410 329; x_wconf 81' lang='lat' dir='ltr'>vitreum</span> <span class='ocrx_word' id='word_1_14' title='bbox 432 301 510 343; x_wconf 85' lang='lat' dir='ltr'>per</span> <span class='ocrx_word' id='word_1_15' title='bbox 529 283 699 324; x_wconf 87' lang='lat' dir='ltr'>multos</span> <span class='ocrx_word' id='word_1_16' title='bbox 719 282 813 322; x_wconf 82' lang='lat' dir='ltr'>dies</span> <span class='ocrx_word' id='word_1_17' title='bbox 835 282 853 333; x_wconf 82' lang='lat'>(</span> <span class='ocrx_word' id='word_1_18' title='bbox 879 280 1009 336; x_wconf 80' lang='lat' dir='ltr'>quod.</span> <span class='ocrx_word' id='word_1_19' title='bbox 1033 282 1109 320; x_wconf 80' lang='lat' dir='ltr'>vix</span> <span class='ocrx_word' id='word_1_20' title='bbox 1131 281 1349 323; x_wconf 78' lang='lat' dir='ltr'>credibile</span> <span class='ocrx_word' id='word_1_21' title='bbox 1372 285 1391 335; x_wconf 82' lang='lat'>)</span> 
     </span>
     <span class='ocr_line' id='line_1_4' title="bbox 111 338 1399 396; baseline -0.005 -7"><span class='ocrx_word' id='word_1_22' title='bbox 111 346 298 389; x_wconf 84' lang='lat' dir='ltr'>occlusae</span> <span class='ocrx_word' id='word_1_23' title='bbox 329 345 382 386; x_wconf 91' lang='lat' dir='ltr'>de</span> <span class='ocrx_word' id='word_1_24' title='bbox 427 346 644 385; x_wconf 85' lang='lat' dir='ltr'>sententia</span> <span class='ocrx_word' id='word_1_25' title='bbox 667 342 764 396; x_wconf 89' lang='lat' dir='ltr'>ejus</span> <span class='ocrx_word' id='word_1_26' title='bbox 798 342 964 381; x_wconf 82' lang='lat' dir='ltr'>semina</span> <span class='ocrx_word' id='word_1_27' title='bbox 997 338 1224 395; x_wconf 80' lang='lat' dir='ltr'>perfecta,</span> <span class='ocrx_word' id='word_1_28' title='bbox 1268 340 1399 382; x_wconf 81' lang='lat' dir='ltr'>nulla</span> 
     </span>
     <span class='ocr_line' id='line_1_5' title="bbox 108 400 1077 465; baseline -0.011 -16"><span class='ocrx_word' id='word_1_29' title='bbox 108 406 384 465; x_wconf 85' lang='lat' dir='ltr'>praecedente</span> <span class='ocrx_word' id='word_1_30' title='bbox 410 405 694 461; x_wconf 75' lang='lat' dir='ltr'>generatione</span> <span class='ocrx_word' id='word_1_31' title='bbox 714 433 724 450; x_wconf 90' lang='lat'>‚</span> <span class='ocrx_word' id='word_1_32' title='bbox 758 400 1049 457; x_wconf 66' lang='lat' dir='ltr'>praebuerunt</span> <span class='ocrx_word' id='word_1_33' title='bbox 1068 430 1077 438; x_wconf 90' lang='lat'><strong>.</strong></span> 
     </span>
    </p>

    <p class='ocr_par' dir='ltr' id='par_1_3' title="bbox 105 459 1407 1653">
     <span class='ocr_line' id='line_1_6' title="bbox 170 459 1397 522; baseline -0.006 -14"><span class='ocrx_word' id='word_1_34' title='bbox 170 466 214 521; x_wconf 80' lang='lat'>§.</span> <span class='ocrx_word' id='word_1_35' title='bbox 248 468 349 522; x_wconf 86' lang='lat'>390.</span> <span class='ocrx_word' id='word_1_36' title='bbox 380 463 440 504; x_wconf 87' lang='lat' dir='ltr'>At</span> <span class='ocrx_word' id='word_1_37' title='bbox 470 460 618 502; x_wconf 86' lang='lat' dir='ltr'>facilis</span> <span class='ocrx_word' id='word_1_38' title='bbox 668 459 985 517; x_wconf 82' lang='lat' dir='ltr'>Spallanzanio</span> <span class='ocrx_word' id='word_1_39' title='bbox 1038 459 1268 514; x_wconf 79' lang='lat' dir='ltr'>responsio</span> <span class='ocrx_word' id='word_1_40' title='bbox 1300 467 1366 499; x_wconf 81' lang='lat' dir='ltr'>est</span> <span class='ocrx_word' id='word_1_41' title='bbox 1388 492 1397 501; x_wconf 86' lang='lat'><strong>.</strong></span> 
     </span>
     <span class='ocr_line' id='line_1_7' title="bbox 109 518 1400 576; baseline -0.006 -9"><span class='ocrx_word' id='word_1_42' title='bbox 109 525 278 567; x_wconf 88' lang='lat' dir='ltr'>Mirum</span> <span class='ocrx_word' id='word_1_43' title='bbox 326 537 430 564; x_wconf 86' lang='lat' dir='ltr'>sane</span> <span class='ocrx_word' id='word_1_44' title='bbox 461 520 613 572; x_wconf 81' lang='lat' dir='ltr'>foret,</span> <span class='ocrx_word' id='word_1_45' title='bbox 661 523 695 561; x_wconf 92' lang='lat' dir='ltr'>si</span> <span class='ocrx_word' id='word_1_46' title='bbox 729 521 998 576; x_wconf 80' lang='lat' dir='ltr'>paucissima</span> <span class='ocrx_word' id='word_1_47' title='bbox 1047 518 1138 559; x_wconf 84' lang='lat' dir='ltr'>haee</span> <span class='ocrx_word' id='word_1_48' title='bbox 1190 518 1400 573; x_wconf 71' lang='lat' dir='ltr'>exempla</span> 
     </span>
     <span class='ocr_line' id='line_1_8' title="bbox 110 576 1400 638; baseline -0.005 -13"><span class='ocrx_word' id='word_1_49' title='bbox 110 593 204 627; x_wconf 86' lang='lat' dir='ltr'>tam</span> <span class='ocrx_word' id='word_1_50' title='bbox 234 583 325 623; x_wconf 88' lang='lat' dir='ltr'>late</span> <span class='ocrx_word' id='word_1_51' title='bbox 345 590 576 623; x_wconf 80' lang='lat' dir='ltr'>extensam</span> <span class='ocrx_word' id='word_1_52' title='bbox 608 581 908 638; x_wconf 77' lang='lat' dir='ltr'>generationis</span> <span class='ocrx_word' id='word_1_53' title='bbox 949 577 1209 635; x_wconf 85' lang='lat' dir='ltr'>plantarum</span> <span class='ocrx_word' id='word_1_54' title='bbox 1254 576 1400 633; x_wconf 72' lang='lat' dir='ltr'>legem</span> 
     </span>
     <span class='ocr_line' id='line_1_9' title="bbox 106 638 1401 698; baseline -0.005 -14"><span class='ocrx_word' id='word_1_55' title='bbox 106 642 410 691; x_wconf 81' lang='lat' dir='ltr'>infirmarent3</span> <span class='ocrx_word' id='word_1_56' title='bbox 456 656 598 698; x_wconf 88' lang='lat' dir='ltr'>quare</span> <span class='ocrx_word' id='word_1_57' title='bbox 646 639 774 680; x_wconf 88' lang='lat' dir='ltr'>illico</span> <span class='ocrx_word' id='word_1_58' title='bbox 807 638 1128 695; x_wconf 79' lang='lat' dir='ltr'>suspicandum</span> <span class='ocrx_word' id='word_1_59' title='bbox 1164 645 1261 677; x_wconf 84' lang='lat' dir='ltr'>erat</span> <span class='ocrx_word' id='word_1_60' title='bbox 1283 669 1294 686; x_wconf 80' lang='lat'>‚</span> <span class='ocrx_word' id='word_1_61' title='bbox 1328 653 1401 677; x_wconf 85' lang='lat' dir='ltr'>er-</span> 
     </span>
     <span class='ocr_line' id='line_1_10' title="bbox 108 695 1398 758; baseline -0.005 -14"><span class='ocrx_word' id='word_1_62' title='bbox 108 717 256 744; x_wconf 81' lang='lat' dir='ltr'>rorem</span> <span class='ocrx_word' id='word_1_63' title='bbox 287 701 489 758; x_wconf 83' lang='lat' dir='ltr'>aliquem</span> <span class='ocrx_word' id='word_1_64' title='bbox 521 703 566 741; x_wconf 93' lang='lat' dir='ltr'>in</span> <span class='ocrx_word' id='word_1_65' title='bbox 609 699 917 757; x_wconf 84' lang='lat' dir='ltr'>Spallanzanii</span> <span class='ocrx_word' id='word_1_66' title='bbox 962 696 1180 754; x_wconf 79' lang='lat' dir='ltr'>periculis</span> <span class='ocrx_word' id='word_1_67' title='bbox 1224 695 1364 737; x_wconf 66' lang='lat' dir='ltr'>latore</span> <span class='ocrx_word' id='word_1_68' title='bbox 1389 729 1398 737; x_wconf 92' lang='lat'>.</span> 
     </span>
     <span class='ocr_line' id='line_1_11' title="bbox 109 755 1400 813; baseline -0.005 -10"><span class='ocrx_word' id='word_1_69' title='bbox 109 762 302 804; x_wconf 83' lang='lat' dir='ltr'>Latebat</span> <span class='ocrx_word' id='word_1_70' title='bbox 353 762 501 810; x_wconf 89' lang='lat' dir='ltr'>enim;</span> <span class='ocrx_word' id='word_1_71' title='bbox 545 775 650 801; x_wconf 83' lang='lat' dir='ltr'>cum</span> <span class='ocrx_word' id='word_1_72' title='bbox 701 759 883 800; x_wconf 84' lang='lat' dir='ltr'>foeminae</span> <span class='ocrx_word' id='word_1_73' title='bbox 934 757 1097 798; x_wconf 84' lang='lat' dir='ltr'>harum</span> <span class='ocrx_word' id='word_1_74' title='bbox 1141 755 1400 813; x_wconf 81' lang='lat' dir='ltr'>plantarum</span> 
     </span>
     <span class='ocr_line' id='line_1_12' title="bbox 106 816 1396 874; baseline -0.007 -11"><span class='ocrx_word' id='word_1_75' title='bbox 106 822 256 863; x_wconf 86' lang='lat' dir='ltr'>adhuc</span> <span class='ocrx_word' id='word_1_76' title='bbox 286 822 505 870; x_wconf 85' lang='lat' dir='ltr'>minimae,</span> <span class='ocrx_word' id='word_1_77' title='bbox 541 828 586 861; x_wconf 91' lang='lat' dir='ltr'>et</span> <span class='ocrx_word' id='word_1_78' title='bbox 618 822 694 860; x_wconf 79' lang='lat' dir='ltr'>vix</span> <span class='ocrx_word' id='word_1_79' title='bbox 726 835 777 860; x_wconf 87' lang='lat' dir='ltr'>ac</span> <span class='ocrx_word' id='word_1_80' title='bbox 809 834 863 860; x_wconf 91' lang='lat' dir='ltr'>ne</span> <span class='ocrx_word' id='word_1_81' title='bbox 907 820 986 859; x_wconf 81' lang='lat' dir='ltr'>vix</span> <span class='ocrx_word' id='word_1_82' title='bbox 1017 816 1203 874; x_wconf 86' lang='lat' dir='ltr'>quidem</span> <span class='ocrx_word' id='word_1_83' title='bbox 1246 831 1396 857; x_wconf 75' lang='lat' dir='ltr'>erun]-</span> 
     </span>
     <span class='ocr_line' id='line_1_13' title="bbox 108 877 1403 940; baseline -0.005 -18"><span class='ocrx_word' id='word_1_84' title='bbox 108 889 263 940; x_wconf 83' lang='lat' dir='ltr'>pentes</span> <span class='ocrx_word' id='word_1_85' title='bbox 292 883 338 921; x_wconf 96' lang='lat' dir='ltr'>in</span> <span class='ocrx_word' id='word_1_86' title='bbox 364 878 472 922; x_wconf 85' lang='lat' dir='ltr'>flore</span> <span class='ocrx_word' id='word_1_87' title='bbox 504 895 530 921; x_wconf 87' lang='lat' dir='ltr'>a</span> <span class='ocrx_word' id='word_1_88' title='bbox 560 880 764 921; x_wconf 81' lang='lat' dir='ltr'>maribus</span> <span class='ocrx_word' id='word_1_89' title='bbox 794 878 1106 920; x_wconf 73' lang='lat' dir='ltr'>foecundentur</span> <span class='ocrx_word' id='word_1_90' title='bbox 1131 909 1142 927; x_wconf 83' lang='lat'><strong>,</strong></span> <span class='ocrx_word' id='word_1_91' title='bbox 1189 884 1241 916; x_wconf 86' lang='lat' dir='ltr'>ut</span> <span class='ocrx_word' id='word_1_92' title='bbox 1287 877 1403 932; x_wconf 73' lang='lat' dir='ltr'>agri-</span> 
     </span>
     <span class='ocr_line' id='line_1_14' title="bbox 105 937 1401 997; baseline -0.005 -15"><span class='ocrx_word' id='word_1_93' title='bbox 105 940 213 982; x_wconf 85' lang='lat' dir='ltr'>colae</span> <span class='ocrx_word' id='word_1_94' title='bbox 246 941 358 982; x_wconf 88' lang='lat' dir='ltr'>bene</span> <span class='ocrx_word' id='word_1_95' title='bbox 378 946 563 990; x_wconf 81' lang='lat' dir='ltr'>norunt,</span> <span class='ocrx_word' id='word_1_96' title='bbox 599 941 818 997; x_wconf 82' lang='lat' dir='ltr'>praecipue</span> <span class='ocrx_word' id='word_1_97' title='bbox 844 939 898 980; x_wconf 87' lang='lat' dir='ltr'>de</span> <span class='ocrx_word' id='word_1_98' title='bbox 929 937 1132 979; x_wconf 62' lang='lat' dir='ltr'>Cannaba·</span> <span class='ocrx_word' id='word_1_99' title='bbox 1157 953 1167 986; x_wconf 80' lang='lat'>3</span> <span class='ocrx_word' id='word_1_100' title='bbox 1195 938 1303 977; x_wconf 83' lang='lat' dir='ltr'>item</span> <span class='ocrx_word' id='word_1_101' title='bbox 1324 952 1401 992; x_wconf 72' lang='lat' dir='ltr'>ge-</span> 
     </span>
     <span class='ocr_line' id='line_1_15' title="bbox 106 999 1399 1056; baseline -0.005 -14"><span class='ocrx_word' id='word_1_102' title='bbox 106 1003 280 1042; x_wconf 87' lang='lat' dir='ltr'>neratio</span> <span class='ocrx_word' id='word_1_103' title='bbox 311 1002 359 1041; x_wconf 88' lang='lat' dir='ltr'>in</span> <span class='ocrx_word' id='word_1_104' title='bbox 379 1001 537 1041; x_wconf 88' lang='lat' dir='ltr'>iisdem</span> <span class='ocrx_word' id='word_1_105' title='bbox 567 1015 590 1039; x_wconf 91' lang='lat' dir='ltr'>e</span> <span class='ocrx_word' id='word_1_106' title='bbox 616 999 864 1056; x_wconf 82' lang='lat' dir='ltr'>longinquo</span> <span class='ocrx_word' id='word_1_107' title='bbox 895 999 1133 1054; x_wconf 75' lang='lat' dir='ltr'>contingit,</span> <span class='ocrx_word' id='word_1_108' title='bbox 1154 1004 1399 1037; x_wconf 85' lang='lat' dir='ltr'>ventorum</span> 
     </span>
     <span class='ocr_line' id='line_1_16' title="bbox 106 1055 1402 1116; baseline -0.005 -16"><span class='ocrx_word' id='word_1_109' title='bbox 106 1058 313 1110; x_wconf 87' lang='lat' dir='ltr'>flatibus,</span> <span class='ocrx_word' id='word_1_110' title='bbox 346 1061 618 1116; x_wconf 85' lang='lat' dir='ltr'>insectisque</span> <span class='ocrx_word' id='word_1_111' title='bbox 650 1058 808 1116; x_wconf 87' lang='lat' dir='ltr'>pollen</span> <span class='ocrx_word' id='word_1_112' title='bbox 838 1057 1121 1107; x_wconf 78' lang='lat' dir='ltr'>ferentibus,</span> <span class='ocrx_word' id='word_1_113' title='bbox 1155 1064 1292 1113; x_wconf 84' lang='lat' dir='ltr'>prout</span> <span class='ocrx_word' id='word_1_114' title='bbox 1336 1055 1402 1095; x_wconf 84' lang='lat' dir='ltr'>di-</span> 
     </span>
     <span class='ocr_line' id='line_1_17' title="bbox 108 1115 1401 1170; baseline -0.004 -10"><span class='ocrx_word' id='word_1_115' title='bbox 108 1123 260 1161; x_wconf 75' lang='lat' dir='ltr'>ximus</span> <span class='ocrx_word' id='word_1_116' title='bbox 290 1120 345 1161; x_wconf 85' lang='lat' dir='ltr'>de</span> <span class='ocrx_word' id='word_1_117' title='bbox 376 1120 564 1170; x_wconf 64' lang='grc' dir='ltr'>Ραῖγηίε,</span> <span class='ocrx_word' id='word_1_118' title='bbox 598 1127 643 1160; x_wconf 86' lang='lat' dir='ltr'>et</span> <span class='ocrx_word' id='word_1_119' title='bbox 673 1120 882 1167; x_wconf 80' lang='lat' dir='ltr'>Jussiaeus</span> <span class='ocrx_word' id='word_1_120' title='bbox 913 1117 1086 1159; x_wconf 75' lang='lat' dir='ltr'>detexit</span> <span class='ocrx_word' id='word_1_121' title='bbox 1117 1116 1171 1157; x_wconf 85' lang='lat' dir='ltr'>de</span> <span class='ocrx_word' id='word_1_122' title='bbox 1196 1115 1401 1157; x_wconf 72' lang='lat' dir='ltr'>Pistacia</span> 
     </span>
     <span class='ocr_line' id='line_1_18' title="bbox 107 1176 1404 1235; baseline -0.003 -16"><span class='ocrx_word' id='word_1_123' title='bbox 107 1179 348 1221; x_wconf 88' lang='lat' dir='ltr'>Parisiensi</span> <span class='ocrx_word' id='word_1_124' title='bbox 377 1196 387 1228; x_wconf 81' lang='lat'><em>3</em></span> <span class='ocrx_word' id='word_1_125' title='bbox 414 1180 608 1235; x_wconf 81' lang='lat' dir='ltr'>denique</span> <span class='ocrx_word' id='word_1_126' title='bbox 631 1181 807 1219; x_wconf 86' lang='lat' dir='ltr'>monitu</span> <span class='ocrx_word' id='word_1_127' title='bbox 852 1177 1109 1219; x_wconf 79' lang='lat' dir='ltr'>Lalnarckii</span> <span class='ocrx_word' id='word_1_128' title='bbox 1129 1209 1139 1226; x_wconf 80' lang='grc'>,</span> <span class='ocrx_word' id='word_1_129' title='bbox 1176 1176 1404 1231; x_wconf 82' lang='lat' dir='ltr'>Martique</span> 
     </span>
     <span class='ocr_line' id='line_1_19' title="bbox 108 1236 1402 1293; baseline -0.004 -13"><span class='ocrx_word' id='word_1_130' title='bbox 108 1239 298 1281; x_wconf 84' lang='lat' dir='ltr'>masculi</span> <span class='ocrx_word' id='word_1_131' title='bbox 331 1236 460 1281; x_wconf 86' lang='lat' dir='ltr'>flores</span> <span class='ocrx_word' id='word_1_132' title='bbox 481 1238 696 1280; x_wconf 81' lang='lat' dir='ltr'>foemineis</span> <span class='ocrx_word' id='word_1_133' title='bbox 727 1236 916 1279; x_wconf 76' lang='lat' dir='ltr'>floribus</span> <span class='ocrx_word' id='word_1_134' title='bbox 938 1252 1045 1293; x_wconf 75' lang='lat' dir='ltr'>saepe</span> <span class='ocrx_word' id='word_1_135' title='bbox 1077 1239 1323 1277; x_wconf 77' lang='lat' dir='ltr'>miscentur</span> <span class='ocrx_word' id='word_1_136' title='bbox 1355 1237 1402 1275; x_wconf 88' lang='lat' dir='ltr'>in</span> 
     </span>
     <span class='ocr_line' id='line_1_20' title="bbox 108 1297 1402 1356; baseline -0.005 -16"><span class='ocrx_word' id='word_1_137' title='bbox 108 1299 231 1340; x_wconf 79' lang='lat' dir='ltr'>hisce</span> <span class='ocrx_word' id='word_1_138' title='bbox 273 1297 467 1356; x_wconf 83' lang='lat' dir='ltr'>plantis.</span> <span class='ocrx_word' id='word_1_139' title='bbox 500 1299 603 1350; x_wconf 84' lang='lat' dir='ltr'>Quae</span> <span class='ocrx_word' id='word_1_140' title='bbox 660 1301 808 1339; x_wconf 87' lang='lat' dir='ltr'>onmia</span> <span class='ocrx_word' id='word_1_141' title='bbox 869 1311 1020 1337; x_wconf 75' lang='lat' dir='ltr'>veram</span> <span class='ocrx_word' id='word_1_142' title='bbox 1071 1297 1402 1352; x_wconf 76' lang='lat' dir='ltr'>generationem</span> 
     </span>
     <span class='ocr_line' id='line_1_21' title="bbox 108 1356 1404 1416; baseline -0.003 -17"><span class='ocrx_word' id='word_1_143' title='bbox 108 1361 349 1416; x_wconf 75' lang='lat' dir='ltr'>contigisse</span> <span class='ocrx_word' id='word_1_144' title='bbox 389 1361 436 1399; x_wconf 91' lang='lat' dir='ltr'>in</span> <span class='ocrx_word' id='word_1_145' title='bbox 484 1357 791 1414; x_wconf 77' lang='lat' dir='ltr'>S‘pallanzanii</span> <span class='ocrx_word' id='word_1_146' title='bbox 833 1356 1052 1413; x_wconf 81' lang='lat' dir='ltr'>periculis</span> <span class='ocrx_word' id='word_1_147' title='bbox 1086 1388 1096 1405; x_wconf 82' lang='grc'>,</span> <span class='ocrx_word' id='word_1_148' title='bbox 1128 1370 1264 1411; x_wconf 78' lang='lat' dir='ltr'>quain</span> <span class='ocrx_word' id='word_1_149' title='bbox 1309 1357 1404 1410; x_wconf 64' lang='lat' dir='ltr'>ipse</span> 
     </span>
     <span class='ocr_line' id='line_1_22' title="bbox 108 1412 1406 1473; baseline -0.005 -14"><span class='ocrx_word' id='word_1_150' title='bbox 108 1434 198 1459; x_wconf 89' lang='lat' dir='ltr'>non</span> <span class='ocrx_word' id='word_1_151' title='bbox 246 1420 388 1459; x_wconf 88' lang='lat' dir='ltr'>visam</span> <span class='ocrx_word' id='word_1_152' title='bbox 439 1418 711 1473; x_wconf 76' lang='lat' dir='ltr'>denegavit,</span> <span class='ocrx_word' id='word_1_153' title='bbox 764 1416 897 1457; x_wconf 74' lang='lat' dir='ltr'>facile</span> <span class='ocrx_word' id='word_1_154' title='bbox 941 1419 1196 1464; x_wconf 78' lang='lat' dir='ltr'>evincunt,</span> <span class='ocrx_word' id='word_1_155' title='bbox 1241 1412 1406 1454; x_wconf 74' lang='lat' dir='ltr'>contir-</span> 
     </span>
     <span class='ocr_line' id='line_1_23' title="bbox 107 1474 1402 1534; baseline -0.005 -15"><span class='ocrx_word' id='word_1_156' title='bbox 107 1486 321 1534; x_wconf 80' lang='lat' dir='ltr'>mantque</span> <span class='ocrx_word' id='word_1_157' title='bbox 353 1481 659 1534; x_wconf 72' lang='lat' dir='ltr'>experimenta</span> <span class='ocrx_word' id='word_1_158' title='bbox 684 1476 851 1517; x_wconf 77' lang='lat' dir='ltr'>Linnaei</span> <span class='ocrx_word' id='word_1_159' title='bbox 883 1490 1017 1531; x_wconf 78' lang='lat' dir='ltr'>super</span> <span class='ocrx_word' id='word_1_160' title='bbox 1050 1478 1193 1530; x_wconf 79' lang='lat' dir='ltr'>ipsam</span> <span class='ocrx_word' id='word_1_161' title='bbox 1227 1474 1402 1514; x_wconf 74' lang='lat' dir='ltr'>Canna-</span> 
     </span>
     <span class='ocr_line' id='line_1_24' title="bbox 112 1534 1407 1592; baseline -0.003 -15"><span class='ocrx_word' id='word_1_162' title='bbox 112 1538 194 1578; x_wconf 76' lang='lat' dir='ltr'>bim</span> <span class='ocrx_word' id='word_1_163' title='bbox 215 1539 422 1578; x_wconf 82' lang='lat' dir='ltr'>instituta</span> <span class='ocrx_word' id='word_1_164' title='bbox 441 1569 452 1587; x_wconf 80' lang='grc'>,</span> <span class='ocrx_word' id='word_1_165' title='bbox 479 1538 525 1576; x_wconf 88' lang='lat' dir='ltr'>in</span> <span class='ocrx_word' id='word_1_166' title='bbox 546 1536 716 1592; x_wconf 82' lang='lat' dir='ltr'>quibus</span> <span class='ocrx_word' id='word_1_167' title='bbox 746 1534 930 1576; x_wconf 66' lang='lat' dir='ltr'>foeminae</span> <span class='ocrx_word' id='word_1_168' title='bbox 955 1550 980 1575; x_wconf 83' lang='lat' dir='ltr'>a</span> <span class='ocrx_word' id='word_1_169' title='bbox 1010 1534 1214 1574; x_wconf 76' lang='lat' dir='ltr'>maribus</span> <span class='ocrx_word' id='word_1_170' title='bbox 1264 1534 1407 1590; x_wconf 79' lang='lat' dir='ltr'>probe</span> 
     </span>
     <span class='ocr_line' id='line_1_25' title="bbox 109 1593 985 1653; baseline -0.003 -15"><span class='ocrx_word' id='word_1_171' title='bbox 109 1599 318 1653; x_wconf 80' lang='lat' dir='ltr'>sejunotae</span> <span class='ocrx_word' id='word_1_172' title='bbox 363 1611 595 1653; x_wconf 85' lang='lat' dir='ltr'>nunquam</span> <span class='ocrx_word' id='word_1_173' title='bbox 621 1593 955 1636; x_wconf 81' lang='lat' dir='ltr'>fructificarunt</span> <span class='ocrx_word' id='word_1_174' title='bbox 976 1626 985 1635; x_wconf 90' lang='lat'><em>.</em></span> 
     </span>
    </p>

    <p class='ocr_par' dir='ltr' id='par_1_4' title="bbox 110 1651 1410 2245">
     <span class='ocr_line' id='line_1_26' title="bbox 167 1651 1398 1714; baseline -0.005 -16"><span class='ocrx_word' id='word_1_175' title='bbox 167 1657 210 1712; x_wconf 82' lang='lat'>§.</span> <span class='ocrx_word' id='word_1_176' title='bbox 244 1659 343 1714; x_wconf 83' lang='lat'><strong>391.</strong></span> <span class='ocrx_word' id='word_1_177' title='bbox 378 1655 671 1704; x_wconf 75' lang='lat' dir='ltr'>Bosseckius,</span> <span class='ocrx_word' id='word_1_178' title='bbox 706 1654 977 1696; x_wconf 79' lang='lat' dir='ltr'>Schelverus</span> <span class='ocrx_word' id='word_1_179' title='bbox 1001 1685 1011 1703; x_wconf 82' lang='lat'><strong><em>‚</em></strong></span> <span class='ocrx_word' id='word_1_180' title='bbox 1067 1651 1366 1694; x_wconf 80' lang='lat' dir='ltr'>Hensehelius</span> <span class='ocrx_word' id='word_1_181' title='bbox 1387 1684 1398 1701; x_wconf 83' lang='grc'><em>,</em></span> 
     </span>
     <span class='ocr_line' id='line_1_27' title="bbox 115 1712 1406 1774; baseline -0.005 -15"><span class='ocrx_word' id='word_1_182' title='bbox 115 1724 159 1759; x_wconf 86' lang='lat' dir='ltr'>et</span> <span class='ocrx_word' id='word_1_183' title='bbox 190 1716 448 1774; x_wconf 86' lang='lat' dir='ltr'>Raspailius</span> <span class='ocrx_word' id='word_1_184' title='bbox 470 1716 767 1766; x_wconf 82' lang='lat' dir='ltr'>staminibus,</span> <span class='ocrx_word' id='word_1_185' title='bbox 811 1714 1084 1771; x_wconf 73' lang='lat' dir='ltr'>pistillisque</span> <span class='ocrx_word' id='word_1_186' title='bbox 1139 1712 1336 1753; x_wconf 80' lang='lat' dir='ltr'>officium</span> <span class='ocrx_word' id='word_1_187' title='bbox 1380 1728 1406 1753; x_wconf 84' lang='lat' dir='ltr'>a</span> 
     </span>
     <span class='ocr_line' id='line_1_28' title="bbox 111 1770 1406 1834; baseline -0.005 -15"><span class='ocrx_word' id='word_1_188' title='bbox 111 1780 394 1834; x_wconf 75' lang='lat' dir='ltr'>generatione</span> <span class='ocrx_word' id='word_1_189' title='bbox 416 1776 548 1833; x_wconf 78' lang='lat' dir='ltr'>longe</span> <span class='ocrx_word' id='word_1_190' title='bbox 569 1776 798 1816; x_wconf 84' lang='lat' dir='ltr'>diversum</span> <span class='ocrx_word' id='word_1_191' title='bbox 825 1776 1108 1815; x_wconf 76' lang='lat' dir='ltr'>tribuerunt.</span> <span class='ocrx_word' id='word_1_192' title='bbox 1141 1770 1298 1813; x_wconf 69' lang='lat' dir='ltr'>Primi‘</span> <span class='ocrx_word' id='word_1_193' title='bbox 1317 1781 1406 1813; x_wconf 81' lang='lat' dir='ltr'>tres</span> 
     </span>
     <span class='ocr_line' id='line_1_29' title="bbox 111 1834 1409 1894; baseline -0.005 -16"><span class='ocrx_word' id='word_1_194' title='bbox 111 1838 327 1878; x_wconf 81' lang='lat' dir='ltr'>dixerunt</span> <span class='ocrx_word' id='word_1_195' title='bbox 348 1869 359 1887; x_wconf 83' lang='lat'>‚</span> <span class='ocrx_word' id='word_1_196' title='bbox 392 1836 549 1894; x_wconf 85' lang='lat' dir='ltr'>pollen</span> <span class='ocrx_word' id='word_1_197' title='bbox 580 1835 626 1876; x_wconf 88' lang='lat' dir='ltr'>id</span> <span class='ocrx_word' id='word_1_198' title='bbox 660 1844 836 1876; x_wconf 86' lang='lat' dir='ltr'>tantum</span> <span class='ocrx_word' id='word_1_199' title='bbox 881 1835 1079 1875; x_wconf 85' lang='lat' dir='ltr'>muneris</span> <span class='ocrx_word' id='word_1_200' title='bbox 1137 1834 1264 1874; x_wconf 80' lang='lat' dir='ltr'>obire</span> <span class='ocrx_word' id='word_1_201' title='bbox 1291 1865 1301 1883; x_wconf 84' lang='grc'>,</span> <span class='ocrx_word' id='word_1_202' title='bbox 1356 1840 1409 1872; x_wconf 85' lang='lat' dir='ltr'>ut</span> 
     </span>
     <span class='ocr_line' id='line_1_30' title="bbox 110 1891 1410 1954; baseline -0.005 -16"><span class='ocrx_word' id='word_1_203' title='bbox 110 1912 397 1954; x_wconf 81' lang='lat' dir='ltr'>nequaquam</span> <span class='ocrx_word' id='word_1_204' title='bbox 431 1899 572 1938; x_wconf 86' lang='lat' dir='ltr'>vitam</span> <span class='ocrx_word' id='word_1_205' title='bbox 591 1929 601 1946; x_wconf 84' lang='lat'>‚</span> <span class='ocrx_word' id='word_1_206' title='bbox 638 1896 713 1936; x_wconf 87' lang='lat' dir='ltr'>sed</span> <span class='ocrx_word' id='word_1_207' title='bbox 740 1902 930 1936; x_wconf 88' lang='lat' dir='ltr'>mortem</span> <span class='ocrx_word' id='word_1_208' title='bbox 957 1893 1125 1934; x_wconf 81' lang='lat' dir='ltr'>inferat</span> <span class='ocrx_word' id='word_1_209' title='bbox 1156 1896 1202 1933; x_wconf 92' lang='lat' dir='ltr'>in</span> <span class='ocrx_word' id='word_1_210' title='bbox 1257 1891 1410 1950; x_wconf 79' lang='lat' dir='ltr'>pistil-</span> 
     </span>
     <span class='ocr_line' id='line_1_31' title="bbox 113 1952 1407 2014; baseline -0.004 -17"><span class='ocrx_word' id='word_1_211' title='bbox 113 1956 210 1997; x_wconf 87' lang='lat' dir='ltr'>lum</span> <span class='ocrx_word' id='word_1_212' title='bbox 235 1989 246 2007; x_wconf 85' lang='lat'>,</span> <span class='ocrx_word' id='word_1_213' title='bbox 283 1958 341 1998; x_wconf 79' lang='lat' dir='ltr'>ol)</span> <span class='ocrx_word' id='word_1_214' title='bbox 373 1972 510 2014; x_wconf 84' lang='lat' dir='ltr'>quam</span> <span class='ocrx_word' id='word_1_215' title='bbox 543 1971 638 1997; x_wconf 78' lang='lat' dir='ltr'>rein</span> <span class='ocrx_word' id='word_1_216' title='bbox 671 1964 765 1997; x_wconf 85' lang='lat' dir='ltr'>tota</span> <span class='ocrx_word' id='word_1_217' title='bbox 795 1959 864 1997; x_wconf 86' lang='lat' dir='ltr'>vis</span> <span class='ocrx_word' id='word_1_218' title='bbox 910 1962 1122 2011; x_wconf 75' lang='lat' dir='ltr'>vegetans</span> <span class='ocrx_word' id='word_1_219' title='bbox 1176 1952 1301 1994; x_wconf 83' lang='lat' dir='ltr'>floris</span> <span class='ocrx_word' id='word_1_220' title='bbox 1350 1952 1407 1993; x_wconf 79' lang='lat' dir='ltr'>ad</span> 
     </span>
     <span class='ocr_line' id='line_1_32' title="bbox 116 2012 1407 2064; baseline -0.004 -6"><span class='ocrx_word' id='word_1_221' title='bbox 116 2018 283 2058; x_wconf 81' lang='lat' dir='ltr'>semina</span> <span class='ocrx_word' id='word_1_222' title='bbox 304 2019 349 2057; x_wconf 91' lang='lat' dir='ltr'>in</span> <span class='ocrx_word' id='word_1_223' title='bbox 381 2020 533 2058; x_wconf 74' lang='lat' dir='ltr'>ovatio</span> <span class='ocrx_word' id='word_1_224' title='bbox 584 2024 795 2057; x_wconf 81' lang='lat' dir='ltr'>contenta</span> <span class='ocrx_word' id='word_1_225' title='bbox 840 2014 1044 2057; x_wconf 79' lang='lat' dir='ltr'>defertur</span> <span class='ocrx_word' id='word_1_226' title='bbox 1065 2047 1075 2064; x_wconf 85' lang='lat'>‚</span> <span class='ocrx_word' id='word_1_227' title='bbox 1127 2021 1171 2055; x_wconf 90' lang='lat' dir='ltr'>et</span> <span class='ocrx_word' id='word_1_228' title='bbox 1202 2012 1407 2054; x_wconf 81' lang='lat' dir='ltr'>evolutio</span> 
     </span>
     <span class='ocr_line' id='line_1_33' title="bbox 115 2075 1409 2133; baseline -0.002 -17"><span class='ocrx_word' id='word_1_229' title='bbox 115 2091 271 2116; x_wconf 85' lang='lat' dir='ltr'>eorum</span> <span class='ocrx_word' id='word_1_230' title='bbox 303 2079 369 2117; x_wconf 77' lang='lat' dir='ltr'>ita</span> <span class='ocrx_word' id='word_1_231' title='bbox 400 2079 627 2118; x_wconf 83' lang='lat' dir='ltr'>excitatur</span> <span class='ocrx_word' id='word_1_232' title='bbox 648 2109 657 2117; x_wconf 93' lang='lat'><strong>.</strong></span> <span class='ocrx_word' id='word_1_233' title='bbox 686 2076 800 2117; x_wconf 86' lang='lat' dir='ltr'>Hinc</span> <span class='ocrx_word' id='word_1_234' title='bbox 842 2076 1072 2133; x_wconf 74' lang='lat' dir='ltr'>generatio</span> <span class='ocrx_word' id='word_1_235' title='bbox 1106 2075 1291 2132; x_wconf 75' lang='lat' dir='ltr'>proprie</span> <span class='ocrx_word' id='word_1_236' title='bbox 1341 2081 1409 2114; x_wconf 90' lang='lat' dir='ltr'>est</span> 
     </span>
     <span class='ocr_line' id='line_1_34' title="bbox 115 2134 1407 2194; baseline -0.002 -19"><span class='ocrx_word' id='word_1_237' title='bbox 115 2134 213 2175; x_wconf 86' lang='lat' dir='ltr'>finis</span> <span class='ocrx_word' id='word_1_238' title='bbox 243 2139 565 2194; x_wconf 76' lang='lat' dir='ltr'>vegetationis,</span> <span class='ocrx_word' id='word_1_239' title='bbox 600 2151 678 2178; x_wconf 87' lang='lat' dir='ltr'>seu</span> <span class='ocrx_word' id='word_1_240' title='bbox 708 2152 830 2178; x_wconf 82' lang='lat' dir='ltr'>mors</span> <span class='ocrx_word' id='word_1_241' title='bbox 854 2134 993 2186; x_wconf 84' lang='lat' dir='ltr'>floris,</span> <span class='ocrx_word' id='word_1_242' title='bbox 1028 2142 1072 2176; x_wconf 89' lang='lat' dir='ltr'>et</span> <span class='ocrx_word' id='word_1_243' title='bbox 1095 2134 1289 2192; x_wconf 82' lang='lat' dir='ltr'>pistilli,</span> <span class='ocrx_word' id='word_1_244' title='bbox 1322 2135 1407 2173; x_wconf 88' lang='lat' dir='ltr'>ini-</span> 
     </span>
     <span class='ocr_line' id='line_1_35' title="bbox 117 2197 714 2245; baseline 0.005 -9"><span class='ocrx_word' id='word_1_245' title='bbox 117 2197 233 2236; x_wconf 84' lang='lat' dir='ltr'>tium</span> <span class='ocrx_word' id='word_1_246' title='bbox 252 2228 263 2245; x_wconf 88' lang='lat'>‚</span> <span class='ocrx_word' id='word_1_247' title='bbox 305 2204 350 2237; x_wconf 85' lang='lat' dir='ltr'>et</span> <span class='ocrx_word' id='word_1_248' title='bbox 378 2198 473 2238; x_wconf 84' lang='lat' dir='ltr'>Vita</span> <span class='ocrx_word' id='word_1_249' title='bbox 503 2199 682 2238; x_wconf 85' lang='lat' dir='ltr'>seminis</span> <span class='ocrx_word' id='word_1_250' title='bbox 704 2230 714 2239; x_wconf 90' lang='grc'><strong>.</strong></span> 
     </span>
    </p>

    <p class='ocr_par' dir='ltr' id='par_1_5' title="bbox 175 2255 1404 2314">
     <span class='ocr_line' id='line_1_36' title="bbox 175 2255 1404 2314; baseline -0.004 -18"><span class='ocrx_word' id='word_1_251' title='bbox 175 2255 219 2310; x_wconf 75' lang='lat'>§.</span> <span class='ocrx_word' id='word_1_252' title='bbox 253 2257 352 2313; x_wconf 82' lang='lat'>392.</span> <span class='ocrx_word' id='word_1_253' title='bbox 383 2256 556 2299; x_wconf 80' lang='lat' dir='ltr'>Verum</span> <span class='ocrx_word' id='word_1_254' title='bbox 581 2272 672 2314; x_wconf 75' lang='lat' dir='ltr'>quo</span> <span class='ocrx_word' id='word_1_255' title='bbox 696 2263 829 2314; x_wconf 85' lang='lat' dir='ltr'>pacto</span> <span class='ocrx_word' id='word_1_256' title='bbox 853 2258 921 2298; x_wconf 88' lang='lat' dir='ltr'>vis</span> <span class='ocrx_word' id='word_1_257' title='bbox 953 2258 1037 2298; x_wconf 82' lang='lat' dir='ltr'>ista</span> <span class='ocrx_word' id='word_1_258' title='bbox 1061 2262 1271 2312; x_wconf 79' lang='lat' dir='ltr'>vegetans</span> <span class='ocrx_word' id='word_1_259' title='bbox 1314 2265 1404 2292; x_wconf 89' lang='lat' dir='ltr'>uno</span> 
     </span>
    </p>
   </div>
   <div class='ocr_carea' id='block_1_3' title="bbox 1141 2329 1167 2370">
    <p class='ocr_par' dir='ltr' id='par_1_6' title="bbox 1141 2329 1167 2370">
     <span class='ocr_line' id='line_1_37' title="bbox 1141 2329 1167 2370; baseline 0 0"><span class='ocrx_word' id='word_1_260' title='bbox 1141 2329 1167 2370; x_wconf 88' lang='lat'>9</span> 
     </span>
    </p>
   </div>
  </div>
 </body>
</html>
