1669 2563
1380 188 1405 227 3

185 288 301 331 lium
332 288 541 347 opinione
573 301 652 330 sua
683 284 784 329 falli
834 286 1202 330 demonstrarunt
1232 288 1422 334 Linkius
1447 324 1458 343 ,

187 350 391 393 Amic-ius
418 381 429 398 ‚
461 357 504 389 et
535 348 848 390 Dutrochetus
872 379 882 389 .

245 410 289 465 §.
322 410 363 450 8.
395 408 509 449 Hinc
540 407 699 449 nullus
731 408 926 457 dubito,
959 409 1072 463 quin
1104 415 1150 448 et
1185 417 1360 450 meatus
1380 442 1389 459 ‚
1415 419 1461 452 et

185 468 351 511 ductus
380 466 743 509 intercellulares
773 482 799 508 a
831 466 1078 508 Trevirano
1123 471 1255 525 positi
1302 470 1463 511 admit-

187 529 309 569 tendi
341 530 430 567 sint
452 559 463 576 ‚
498 529 590 567 sive
623 527 692 567 illi
726 529 847 569 cirea
877 528 1126 583 margiuem
1160 527 1460 581 cellularum,

183 590 275 629 sive
308 586 353 627 hi
387 586 827 643 perpendiculariter
861 588 978 628 inter
1009 585 1234 637 cellulas,
1270 592 1456 631 remotis

180 661 339 689 earum
373 648 644 703 parietibus,
679 654 952 689 excurrant.

239 706 283 761 ἓ.
319 721 359 764 9.
394 706 512 748 Cum
544 706 724 748 cellulae
756 708 921 763 passim
951 714 1280 749 coacerventur
1305 739 1316 757 ‚
1349 707 1458 749 nul-

179 763 313 807 lusne
359 766 417 807 ab
447 764 620 808 cellula
651 768 697 807 in
729 766 947 808 cellulam
977 767 1129 807 aditus
1154 770 1309 823 patet?
1331 767 1460 809 Com-

178 827 536 867 municationem
570 826 683 868 hane
716 842 795 883 per
828 841 962 883 poros
1006 828 1124 867 vitro
1170 829 1457 883 conspicien-

178 884 262 926 dos
291 883 389 926 fieri
422 887 583 927 statuit
607 885 851 927 Mirbelius
869 918 879 936 ‚
913 901 1010 943 quae
1039 901 1106 926 res
1126 918 1136 935 ‚
1163 887 1273 928 dum
1300 886 1455 929 locum

179 946 359 986 obtinet
389 947 437 986 in
468 945 745 1002 quibusdam
778 948 894 988 vasis
914 979 924 996 ,
964 961 1198 1003 nunquam
1255 951 1460 989 occurrit

181 1006 230 1045 in
260 1004 529 1062 simpliciori
560 1005 838 1048 cellularum
870 1014 1001 1047 textu
1027 1038 1037 1056 ‚
1083 1006 1129 1046 id
1180 1008 1455 1049 testantibus

176 1067 537 1107 'accuratissimis
566 1081 593 1108 a
617 1065 688 1109 Cl.
720 1066 896 1109 Amicio
940 1066 1162 1107 institutis
1180 1067 1461 1108 ohservatio-

179 1125 348 1176 nibus,
402 1141 484 1168 neo
517 1141 607 1167 non
640 1126 861 1183 periculis
891 1126 947 1168 ad
980 1142 1075 1168 rem
1101 1125 1456 1169 confirmandam

179 1199 207 1225 a
237 1184 524 1228 Dutrocheto
554 1186 773 1229 adhibitis
792 1219 801 1228 .
965 1200 970 1202 ·

235 1244 279 1299 §.
319 1259 384 1286 10.
418 1246 582 1301 Neque
615 1255 765 1287 tamen
794 1243 965 1288 inficias
1018 1247 1217 1296 ibimus,
1248 1261 1457 1288 commu-

177 1305 451 1345 nicationem
482 1305 595 1347 hanc
621 1337 631 1355 ‚
666 1305 774 1348 licet
805 1307 863 1347 ab
907 1304 1054 1348 oculis
1106 1308 1272 1348 nostris
1316 1309 1455 1349 vitro-

178 1378 283 1404 rum
313 1364 387 1405 vel
418 1366 792 1406 acutissimorum
825 1380 909 1422 ope
940 1380 1030 1407 non
1061 1374 1350 1422 perceptam,
1403 1382 1454 1407 a-

177 1422 302 1464 desse
321 1454 332 1472 ,
364 1438 470 1465 cum
499 1422 654 1479 liquor
685 1425 740 1465 de
772 1424 944 1466 cellula
972 1427 1020 1465 in
1050 1425 1270 1467 cellulam
1288 1428 1454 1482 passim

177 1490 379 1523 transeat
408 1483 456 1522 in
485 1484 668 1524 vivente
717 1481 875 1539 planta
893 1515 904 1533 ‚
956 1499 1155 1539 cumque
1197 1485 1255 1525 ah
1282 1486 1455 1541 epider-

175 1541 297 1583 mide
328 1556 494 1584 succus
520 1573 530 1591 ‚
580 1541 654 1583 vel
683 1557 839 1584 aroma
869 1558 978 1599 saepe
1008 1550 1155 1593 exeat,
1209 1559 1301 1599 quo
1356 1548 1454 1601 ipso

176 1601 281 1644 loco
313 1604 414 1659 pori
458 1599 579 1643 nulli
624 1617 705 1660 per
754 1604 1108 1660 microscopium
1159 1602 1305 1661 detegi
1351 1620 1456 1662 pos-

178 1669 286 1703 sunt
309 1693 319 1703 .

232 1722 277 1776 §.
316 1736 379 1763 11.
410 1719 633 1763 Caeterum
662 1719 840 1764 cellulae
871 1721 1010 1779 hujus
1071 1722 1331 1764 substantiae
1381 1739 1453 1765 re-

173 1781 325 1838 gulari
356 1781 449 1822 fere
478 1782 614 1822 modo
647 1782 925 1839 quandoque
971 1781 1184 1824 locantur
1207 1815 1218 1832 ,
1274 1782 1453 1825 scilicet

173 1840 400 1883 alternum
422 1843 540 1882 inter
572 1857 617 1883 se
643 1857 687 1883 se
718 1841 922 1883 ordinem
943 1849 1111 1892 tenent,
1145 1851 1188 1883 et
1204 1858 1359 1884 earum
1385 1860 1454 1885 se-

173 1903 263 1943 ries
291 1917 410 1944 nuno
442 1917 522 1958 per
541 1900 729 1960 longum
748 1933 759 1953 ,
790 1918 911 1945 nunc
925 1905 1070 1960 magis
1099 1911 1350 1944 transversa
1374 1919 1455 1944 ex-

172 1964 349 2012 currit,
381 1977 463 2004 nec
517 1961 618 2003 ulla
659 1964 729 2003 vis
755 1994 767 2012 ‚
807 1969 890 2003 aut
939 1977 1151 2004 vasorum
1202 1966 1454 2005 resistentia

174 2036 248 2063 eas
281 2022 473 2078 impedit
489 2053 501 2072 ,
533 2025 781 2078 quominus
804 2021 1009 2080 undique
1033 2032 1327 2082 augmentum
1347 2038 1453 2065 cum

175 2089 274 2123 tota
304 2081 462 2140 planta
495 2090 702 2124 sumant.

229 2141 274 2197 ς.
312 2155 375 2183 12.
412 2141 464 2182 In
487 2141 572 2184 hoc
596 2140 810 2184 cellulari
831 2140 1092 2199 plantarum
1140 2151 1269 2184 textu
1291 2142 1452 2184 humo-

172 2215 244 2243 res
272 2200 547 2259 vegetabiles
578 2204 742 2258 passim
772 2200 1072 2244 effunduntur
1093 2236 1103 2253 ,
1138 2204 1256 2244 unde
1300 2205 1448 2243 oritur

170 2260 219 2302 id
238 2292 249 2310 ‚
281 2261 406 2319 quod
430 2261 734 2318 parenchyma
764 2263 1002 2318 vegetabile
1062 2264 1187 2320 apud
1232 2266 1450 2304 anatomi-

172 2334 252 2365 cos
274 2352 286 2372 ‚
339 2328 386 2363 et
434 2321 733 2381 physiologos
782 2322 915 2365 audit
939 2356 948 2366 .
1002 2323 1190 2366 Veteres
1237 2337 1411 2365 carnem
1435 2354 1446 2371 ‚
