1669 2563
253 136 334 180 116

184 240 367 293 stilum,
400 247 445 284 ef
474 241 633 300 stigma
652 272 664 292 ,
697 247 936 299 partesque
968 240 1059 282 istae
1090 237 1208 279 fiunt
1239 235 1483 279 staminife·

184 316 261 352 rae,
286 304 420 344 sicuti
452 305 599 344 evenit
630 303 676 342 in
707 300 890 352 Canna,
913 299 1233 347 Aristolochia,
1251 305 1296 340 et
1321 296 1484 340 Orchi-

186 363 279 404 deis
301 394 311 404 .
345 362 555 405 Secundo
586 361 721 404 datur
752 363 974 418 epigenia,
1006 374 1113 401 cum
1141 356 1485 415 receptaculum

184 420 332 465 libere
364 425 512 480 surgit
541 438 568 464 a
596 421 740 464 fundo
771 420 952 464 corollae
983 419 1235 477 hypogynae
1268 449 1280 469 ‚
1310 417 1487 458 induit-

184 496 277 539 que
327 480 519 524 formam
550 483 687 533 tubi,
718 483 800 538 qui
830 480 998 523 loculis
1028 482 1076 521 in
1105 479 1284 521 ambitu
1306 491 1388 520 suo
1412 492 1488 519 ex-

183 543 357 584 cavatis
389 542 546 600 pollen
576 544 749 600 excipit
773 573 784 594 ,
835 549 881 583 et
929 542 1137 598 stigmate
1181 538 1448 580 continuato
1472 569 1484 588 ‚

184 600 450 659 pollinifero
483 617 677 659 superne
710 603 879 659 tegitur
902 633 913 651 ‚
952 608 1004 641 ut
1034 602 1081 641 in
1126 597 1446 655 Asclepiadaeis
1478 627 1488 638 .

183 661 485 713 Machinula,
531 677 628 720 quae
674 662 904 703 connectit
956 662 1151 703 stamina
1203 673 1311 701 cum
1342 656 1447 699 stilo
1473 689 1484 708 ‚

182 729 266 762 aut
295 724 502 780 stigmate
527 754 538 772 ,
571 723 742 764 dicitur
771 723 1089 779 gynostemium
1109 752 1120 771 ‚
1171 717 1296 776 quod
1335 731 1484 775 gyno-

183 783 397 824 stemium
444 784 492 823 in
522 780 780 832 Orchideis‚
833 787 880 822 et
929 780 1248 837 Asclepiadaeis
1273 777 1319 820 id
1351 791 1487 835 pecu-

181 839 298 883 liare
328 841 467 884 habet
489 874 501 892 ,
541 850 595 883 ut
620 841 736 883 ferat
785 847 952 882 massas
1005 839 1232 898 pollineas
1286 837 1485 888 solidas,

183 901 388 958 singulas
417 904 465 943 in
496 900 690 959 singulis
714 899 908 942 antherae
941 897 1113 942 loculis
1133 904 1346 956 exceptas
1363 930 1372 940 .
1395 897 1487 939 Ca-

182 961 382 1002 vendum
419 967 573 1002 autem
611 967 678 1002 est
703 991 714 1010 ,
751 973 808 1001 ne
844 958 1005 1016 spadix
1044 958 1334 1001 Aroidearum
1378 972 1485 998 cum
1537 977 1540 981 ·

182 1023 467 1078 gynosternio
497 1018 826 1070 confundatur,
857 1020 938 1075 qui
970 1018 1134 1076 spadix·
1179 1016 1230 1060 fit
1280 1024 1488 1074 recepta-

182 1079 293 1122 culo
323 1083 372 1122 in
401 1079 682 1136 cylindrum,
715 1077 894 1120 clavam
922 1110 933 1129 ,
966 1086 1049 1120 aut
1077 1077 1294 1119 laminam
1316 1076 1489 1134 produ-

180 1148 255 1181 cto
279 1171 291 1190 ,
325 1143 411 1182 sito
454 1142 576 1181 intra
625 1140 915 1197 perigonium
971 1137 1266 1195 spathaceum
1288 1168 1301 1188 ,
1340 1143 1386 1179 et
1428 1135 1488 1178 ad

177 1197 302 1241 latus
332 1207 515 1257 gerente
549 1201 740 1241 stamina
758 1230 771 1249 ,
802 1205 848 1240 et
874 1197 1049 1256 pistilla
1079 1198 1223 1255 probe
1254 1197 1486 1239 distincta.

240 1259 285 1315 §.
318 1260 419 1303 360.
445 1259 572 1301 Alias
615 1273 725 1301 vero
775 1257 1121 1315 receptaculum
1175 1263 1444 1299 attenuatur
1473 1289 1486 1308 ,

179 1324 228 1361 et
264 1319 542 1378 expanditur
573 1334 713 1377 supra
743 1317 966 1360 corollam
993 1351 1003 1371 ‚
1041 1332 1242 1376 quacum
1290 1315 1489 1358 confun-

178 1379 306 1421 ditur
331 1412 342 1422 .
371 1381 502 1422 Tunc
532 1383 724 1423 stamina
753 1377 870 1421 fiunt
899 1378 1128 1436 epipetala
1147 1411 1158 1429 ,
1191 1386 1236 1419 et
1265 1377 1487 1418 dicuntur

178 1438 421 1498 hypogyna
446 1473 457 1491 ‚
479 1443 716 1497 perigyna,
747 1441 964 1496 epigyna,
986 1446 1124 1498 prout
1156 1436 1333 1479 corolla
1355 1451 1382 1478 a
1404 1437 1491 1478 ba-

180 1502 216 1540 si
252 1503 397 1542 ovarii
436 1500 582 1543 libere
613 1499 878 1542 extenditur
902 1531 914 1549 ‚
960 1498 1032 1541 vel
1087 1500 1236 1541 oritur
1269 1512 1296 1539 a
1326 1494 1486 1551 calyce

180 1560 561 1618 receptaculifero
592 1559 752 1618 aliqua
795 1559 854 1601 ab
900 1558 1057 1602 ovatio
1111 1557 1329 1600 distantia
1356 1588 1368 1607 ,
1413 1555 1491 1598 vel

179 1618 348 1661 haerens
379 1635 485 1662 cum
517 1622 697 1673 ovario,
731 1625 786 1660 ut
818 1621 865 1660 in
898 1618 1059 1666 Caeco,
1081 1624 1163 1659 aut
1194 1617 1254 1659 ab
1285 1618 1413 1674 apice
1445 1632 1487 1658 e-

177 1679 253 1735 jus
278 1680 484 1737 profecta
504 1679 629 1722 ultra
652 1680 861 1721 ovarium
887 1678 1160 1736 producitur
1185 1675 1492 1719 staminifera.

240 1739 284 1795 §.
318 1739 419 1782 361.
452 1739 814 1798 Receptaculum
850 1740 977 1781 subit
1026 1753 1214 1797 quoque
1263 1738 1485 1780 interiora

180 1801 344 1850 ovarii‚
379 1801 561 1842 obviam
583 1802 620 1842 it
642 1801 760 1842 vasis
791 1801 1052 1857 genituram
1082 1797 1355 1848 ferentibus,
1377 1798 1485 1854 qui-

176 1859 375 1902 huscum
431 1860 685 1918 placentam
711 1892 722 1911 ,
755 1866 800 1902 et
848 1858 1114 1901 funiculum
1165 1857 1485 1901 umbilicalem

180 1921 280 1962 ovis
311 1920 578 1978 suppeditat
596 1952 606 1962 .

237 1980 281 2036 ς.
314 1980 414 2022 362.
447 1979 516 2022 Ex
547 1980 669 2023 hisce
701 1977 1044 2038 receptaculum
1076 1978 1228 2036 magni
1259 1992 1354 2020 esse
1387 1991 1487 2018 mo-

176 2042 317 2082 menti
347 2043 392 2081 in
418 2038 526 2082 flore
557 2040 717 2083 nullus
747 2056 838 2083 non
876 2041 1036 2090 videt3
1080 2038 1320 2098 praeditum
1365 2039 1487 2079 enim

178 2100 429 2158 glandulis,
457 2102 688 2158 vasisque,
722 2108 767 2142 et
800 2101 937 2143 situm
973 2102 1019 2142 in
1057 2107 1212 2141 centro
1245 2096 1368 2139 floris
1403 2098 1486 2139 hu-

178 2175 349 2203 morem
378 2163 521 2203 mittit
545 2162 602 2203 ad
625 2161 804 2219 reliqua
835 2174 1020 2218 organa,
1043 2167 1097 2201 ut
1118 2159 1373 2209 elaborent,
1401 2158 1488 2200 hu-

177 2224 318 2263 moris
340 2221 563 2264 elaborati
588 2230 761 2279 partem
785 2224 965 2278 recipit,
991 2229 1037 2262 et
1056 2223 1248 2278 ipsemet
1270 2217 1449 2276 perficit
1473 2251 1484 2269 ,

180 2283 354 2340 quibus
385 2283 490 2325 hinc
508 2284 769 2341 generatio,
795 2282 899 2325 inde
925 2280 1195 2326 foecunditas
1228 2279 1485 2323 habentur.
