1669 2563
218 213 268 253 18

154 313 365 357 radiculae
398 314 612 372 gravitati
642 345 653 364 ‚
686 311 765 354 alii
802 320 882 354 aut
915 320 1040 354 terrae
1068 343 1079 362 ‚
1112 317 1193 353 aut
1223 309 1448 360 humoris,

154 383 237 416 aut
269 376 558 417 tenebrarum
587 371 783 415 influxui
817 388 952 430 super
986 370 1241 413 radiculam
1264 402 1275 420 ,
1303 368 1413 410 solis
1438 401 1450 419 ‚

154 444 235 477 aut
261 438 376 477 aeris
408 450 542 492 super
575 432 835 491 plumulam
859 465 868 474 .
897 432 1142 489 Knightius
1161 463 1171 481 ,
1206 439 1251 471 et
1269 443 1376 471 cum
1400 427 1452 468 il-

154 494 200 537 lo
232 495 422 551 Davyus
452 492 706 536 radiculam
737 493 796 534 ab
842 490 1113 534 universalis
1167 489 1452 531 attractionis

154 554 335 613 legibus
360 554 416 596 ad
467 562 673 595 centrum
723 560 850 593 terrae
905 551 1097 610 perduci
1154 549 1415 590 autumavit
1446 578 1455 588 .

154 615 353 668 Quidam
402 613 591 656 fluidam
635 614 871 654 materiem
939 612 1221 651 contInenter
1269 608 1456 650 descen-

155 676 291 727 dere,
325 683 369 716 et
399 676 446 715 in
476 675 652 731 apicem
698 687 832 729 agere
889 669 1103 712 radiculae
1159 675 1419 710 statuerunt
1443 698 1454 716 ‚

156 735 267 776 dum
300 733 449 777 solidae
481 741 636 791 partes
669 747 803 789 super
837 732 1098 787 semetipsas
1150 730 1364 769 continue
1413 741 1457 767 se

158 796 362 836 sistentes
385 797 432 836 in
464 791 676 850 plumula
699 789 957 849 plumulam
986 803 1180 846 superne
1203 787 1453 843 adaugent.

216 855 260 911 §.
294 855 366 911 67.
398 854 592 896 Rectene
625 852 715 892 haec
748 852 896 892 omnia
923 849 978 890 ad
1013 851 1077 891 rei
1105 846 1460 904 explicationem

158 915 390 972 perhibita
418 917 434 956 ἲ
468 912 575 954 Non
608 926 759 953 omnes
791 909 1006 952 radiculae
1043 922 1214 964 semper
1254 905 1312 947 ad
1343 903 1461 945 infe-

160 977 284 1016 riora
321 973 632 1015 descendunt.
667 971 772 1012 Non
811 972 997 1027 gravior
1057 965 1277 1010 radiculae
1308 997 1318 1016 ‚
1371 978 1461 1005 non

158 1034 322 1085 levior,
350 1041 432 1075 aut
451 1032 716 1090 vaporosior
742 1045 905 1071 succus
926 1027 1142 1086 plumulae
1166 1040 1323 1068 revera
1366 1032 1432 1065 est
1450 1055 1460 1065 .

160 1094 264 1136 Lux
289 1127 300 1145 ,
333 1102 414 1135 aut
445 1092 634 1134 tenebrae
679 1093 856 1131 inverso
905 1089 1039 1130 modo
1072 1088 1194 1129 hisce
1250 1085 1462 1142 partibus

159 1154 415 1212 applicitae,
449 1166 608 1194 earum
641 1149 937 1191 directionem
970 1163 1060 1190 non
1090 1154 1270 1188 mutant
1298 1161 1308 1194 3
1344 1152 1464 1184 tene-

159 1215 249 1258 brae
278 1212 395 1255 nihil
426 1218 617 1269 possunt
644 1242 655 1261 ,
688 1224 793 1250 cum
825 1208 942 1249 nihil
994 1210 1083 1248 sint
1108 1239 1118 1248 .
1154 1203 1466 1246 Patrick-Kei-

165 1274 292 1316 thius
343 1274 521 1332 primus
549 1302 559 1321 ,
596 1278 641 1310 et
693 1277 796 1326 post
846 1267 983 1309 illum
1039 1264 1354 1307 Dutrochetus
1399 1278 1468 1303 se-

161 1349 265 1375 men
294 1335 342 1374 in
373 1332 486 1373 tubo
520 1333 584 1370 ita
613 1328 842 1377 locarunt,
876 1335 929 1366 ut
961 1324 1177 1383 plumula
1208 1324 1466 1382 germinans

160 1397 209 1436 in
241 1401 409 1434 terram
465 1390 658 1446 desuper
705 1389 898 1445 positam
932 1401 975 1427 se
1032 1401 1074 1426 se
1114 1383 1297 1433 fixerit,
1351 1382 1469 1423 radi-

162 1453 270 1497 cula
301 1453 512 1494 deorsum
544 1453 591 1490 in
613 1463 762 1489 aerem
788 1446 988 1487 liberum
1016 1452 1138 1485 recta
1160 1442 1465 1484 descenderit:

165 1522 210 1556 et
242 1513 352 1554 licet
385 1508 700 1552 Dutrochetus
730 1505 898 1546 molem
930 1514 1055 1545 terrae
1112 1503 1469 1560 superimpositae

163 1572 421 1621 adauxerit,
444 1569 551 1610 lloet
580 1567 637 1607 ad
668 1566 789 1607 latus
819 1565 1111 1622 germinantis
1135 1564 1314 1604 seminis
1338 1576 1468 1619 spon-

165 1636 285 1692 giam
319 1645 440 1687 aqua
470 1628 623 1669 foetam
653 1625 876 1666 locaverit
903 1657 913 1675 ,
947 1638 1183 1680 nunquam
1216 1630 1368 1663 tamen
1394 1636 1470 1661 ra-

163 1691 326 1736 diculae
362 1689 555 1731 directio
588 1685 645 1727 ad
685 1683 903 1726 inferiora
931 1715 941 1734 ,
994 1682 1214 1740 plumulae
1245 1682 1302 1722 ad
1339 1696 1470 1738 supe-

163 1756 287 1796 riora
318 1749 553 1808 prohibita
582 1779 593 1798 ‚
626 1760 733 1787 cum
787 1743 919 1785 nulla
951 1745 1069 1784 aeris
1101 1757 1183 1800 pro
1218 1740 1431 1799 plumula
1455 1773 1466 1791 ,

163 1811 297 1856 nulla
328 1809 536 1851 humoris
577 1839 587 1857 ‚
638 1805 712 1847 vel
768 1812 893 1846 terrae
945 1817 1029 1860 pro
1084 1801 1294 1844 radicula
1325 1809 1472 1842 attra—

164 1876 258 1915 ctio
291 1873 349 1912 sit
371 1903 381 1912 .
417 1868 596 1912 Viscum
628 1864 775 1906 album
798 1895 815 1917 ,
847 1863 1005 1922 planta
1038 1863 1283 1920 parasitica
1307 1893 1318 1912 ‚
1352 1860 1470 1901 radi-

165 1931 320 1974 culam
353 1943 532 1972 sursum
562 1958 573 1977 ,
607 1925 837 1976 deorsum,
863 1927 952 1964 imo
985 1938 1041 1964 ex
1083 1923 1203 1963 omni
1250 1929 1379 1978 parte
1413 1919 1470 1960 ad

167 1999 379 2035 centrum
412 1990 557 2037 rami,
590 1999 681 2026 non
713 1985 769 2026 ad
795 1992 1005 2025 centrum
1036 1981 1221 2023 telluris
1243 2013 1253 2031 ,
1288 1981 1468 2038 dirigit3

166 2055 308 2111 igitur
335 2046 547 2091 radiculae
572 2044 841 2087 universalis
867 2044 1149 2084 attractionis
1173 2040 1356 2098 legibus
1381 2054 1472 2081 non

169 2111 419 2156 obediunt.
451 2105 621 2148 Fluida
676 2106 888 2146 materies
919 2106 966 2144 in
999 2102 1094 2144 solo
1127 2103 1254 2158 apice
1289 2100 1474 2141 radicu-

168 2173 223 2215 lae
250 2169 382 2213 nulla
413 2165 618 2225 profecto
649 2173 749 2216 est3
781 2172 825 2206 et
870 2163 1019 2205 solidae
1049 2196 1059 2214 ‚
1092 2170 1138 2202 et
1176 2159 1323 2201 fluidae
1374 2176 1475 2217 par-

169 2242 238 2275 tes
266 2244 389 2288 aeque
423 2228 716 2284 reperiuntur
748 2240 854 2266 cum
886 2226 933 2264 in
965 2231 1060 2264 tota
1091 2220 1303 2279 plumula
1331 2252 1342 2271 ,
1377 2228 1477 2260 tum

172 2295 221 2335 in
254 2299 349 2332 tota
380 2285 618 2334 radicula3
652 2300 794 2342 quare
827 2299 909 2326 nec
932 2282 1200 2324 mechanicae
1230 2283 1323 2322 istae
1353 2278 1478 2338 leges

175 2353 496 2413 phaenomenon
515 2344 752 2404 explicant
779 2377 788 2387 .
