1669 2563
810 268 852 310 F
851 270 974 311 ulcr-a
993 302 1002 311 .

312 383 357 438 ξ.
405 399 476 441 90.
523 385 811 429 Pedancalus
865 396 932 429 est
979 387 1181 430 fulcrum
1210 421 1221 439 ‚
1270 385 1394 444 quod
1447 400 1546 443 pro-

250 443 436 486 ducitur
476 453 580 486 ante
625 447 932 489 evolutionem
964 446 1087 490 floris
1111 481 1123 498 ‚
1155 456 1201 489 et
1225 459 1328 489 ante
1360 461 1549 504 genera-

251 505 421 545 tionem
454 514 684 562 peractam
717 540 727 556 ,
757 509 792 549 si
825 511 888 549 ita
910 508 997 550 fari
1028 509 1165 558 licet3
1199 510 1329 565 apice
1360 521 1443 549 suo
1474 505 1549 547 vel

249 563 339 605 fert
365 562 521 606 florem
563 565 813 625 simplicem
841 600 853 618 ‚
882 568 956 610 vel
1004 567 1349 626 receptaculum
1398 565 1550 623 pluri-

248 625 337 666 bus
385 623 576 668 floribus
626 626 895 680 sessilihus,
945 636 1028 670 aut
1063 631 1232 672 iterum
1263 625 1550 687 pedicellatis

253 692 474 726 onustum
493 718 504 727 .

309 744 353 800 ς.
387 758 459 800 91.
510 744 620 786 Seta
668 754 736 787 est
778 744 1018 799 fulcrum,
1063 747 1189 805 quod
1241 746 1545 805 producitur,

247 805 540 859 generatione
578 813 761 860 peracta
786 837 797 854 ‚
831 805 947 847 idest
977 806 1303 864 conceptaculo
1337 805 1546 847 foemineo

246 864 340 916 jam
371 861 631 904 foecundato
656 896 666 905 .
701 864 946 906 Distinctio
966 868 1083 907 inter
1106 875 1244 907 setam
1264 899 1275 917 ‚
1302 874 1347 907 et
1377 865 1550 922 pedun-

246 921 409 962 culum
439 924 661 964 sententia
686 931 842 964 nostra
864 926 998 966 nimis
1020 925 1204 967 subtilis
1224 933 1310 967 est.
1340 924 1548 980 Utraque

247 997 318 1022 res
364 984 533 1025 rectius
563 984 847 1040 pedunculus
877 984 1098 1037 dicenda,
1130 987 1212 1044 qui
1258 984 1550 1042 pedunculus

245 1040 369 1082 ludit
397 1074 407 1083 .

306 1101 351 1141 F
350 1100 549 1159 ilzformis
572 1134 584 1153 ‚
635 1105 907 1145 ventricosus
925 1136 937 1154 ‚
983 1102 1136 1159 glaber
1155 1135 1172 1158 ,
1219 1110 1512 1160 exasperatus
1539 1136 1552 1153 ,

247 1161 353 1203 levis
379 1193 391 1212 ,
424 1170 653 1205 contortus
681 1196 691 1213 ‚
722 1174 863 1205 rectus
886 1197 897 1215 ‚
931 1167 1135 1206 incurvus
1158 1197 1171 1215 ‚
1206 1178 1392 1206 cernuus
1420 1195 1434 1213 ,
1466 1171 1550 1204 ter-

246 1223 424 1263 minalis
446 1254 459 1273 ,
492 1223 726 1274 aza-illatis,
771 1225 998 1267 solitarius
1027 1257 1038 1275 ‚
1085 1233 1382 1280 aggregatus,
1429 1224 1548 1280 peri-

248 1281 424 1334 chaetio,
455 1285 668 1337 vaginula
698 1286 868 1326 cinctas
886 1317 898 1336 ‚
928 1287 1203 1343 gymnocidio
1237 1283 1476 1342 suffultus.

310 1342 354 1398 ς.
379 1356 451 1400 92.
485 1343 750 1396 Pometiam,
782 1342 833 1386 fit
869 1360 897 1386 a
933 1360 1087 1387 cormo
1126 1344 1320 1387 foliaceo
1360 1346 1409 1385 in
1457 1341 1553 1383 ful-

248 1416 380 1444 crum
426 1401 732 1461 fructigerum
761 1407 1028 1448 continuata
1077 1407 1335 1448 substantia
1384 1402 1552 1462 produ-

248 1469 325 1503 cto
345 1494 356 1504 .
383 1463 480 1504 Hoc
513 1472 580 1508 est

304 1521 510 1579 Simplex
530 1557 541 1575 ,
566 1539 783 1567 ramosum
805 1558 817 1578 ,
855 1527 1189 1568 ramosissimum
1206 1558 1217 1568 .

303 1581 622 1639 Cylindricum,
655 1589 946 1627 ventricosum
963 1619 974 1638 ‚
996 1585 1248 1628 subalatum
1262 1617 1272 1636 ‚
1296 1595 1545 1634 cornutum,

249 1656 275 1682 a
307 1640 455 1684 forma
499 1648 632 1687 tereti
660 1678 671 1696 ‚
704 1645 778 1688 vel
825 1646 978 1698 medio
1024 1646 1219 1689 dilatata
1244 1678 1256 1697 ‚
1285 1644 1360 1687 vel
1391 1661 1418 1687 a
1447 1646 1548 1688 basi

246 1701 303 1743 ad
336 1705 516 1759 apicem
545 1714 782 1747 attenuata
804 1738 816 1757 ,
849 1714 988 1748 acuta
1011 1737 1021 1747 .

306 1761 555 1814 obtusum,
605 1764 896 1821 fibulaeforme
919 1798 931 1817 ,
974 1764 1093 1807 idest
1143 1766 1272 1822 apice
1321 1764 1546 1807 rotunda-

246 1830 346 1864 tum
374 1855 386 1873 ,
418 1822 492 1864 vel
528 1823 775 1867 dilatatum
801 1858 813 1875 ‚
848 1833 894 1867 et
925 1823 1275 1867 tuberculosum
1294 1856 1304 1866 .

305 1881 613 1940 Scyphfforme
641 1917 652 1935 ,
680 1884 874 1943 simplex
898 1917 910 1936 ,
942 1885 1080 1927 breve
1103 1917 1114 1936 ,
1161 1887 1336 1942 apicem
1387 1899 1550 1927 versus

249 1945 414 1985 sensim
440 1975 452 1993 ‚
484 1946 739 2002 sensimque
769 1944 1014 1987 dilatatum
1044 1944 1206 2003 scyphi
1237 1946 1379 1986 instar
1398 1977 1407 1986 .

307 2001 574 2059 Proliferum
596 2037 607 2055 ‚
639 2004 763 2062 quod
789 2004 1095 2062 scyphiforme
1113 2037 1124 2056 ,
1150 2014 1194 2046 et
1219 2020 1245 2046 a
1269 2013 1425 2054 centro
1451 2019 1548 2060 scy-

252 2062 332 2120 phi
368 2064 439 2105 his
457 2096 469 2114 ,
503 2073 548 2106 et
577 2067 746 2107 iterum
777 2064 1117 2123 scyphiserum,
1150 2066 1324 2124 absque
1349 2080 1402 2106 eo
1423 2065 1548 2122 quod

250 2123 486 2165 dividatur
518 2127 568 2165 in
593 2139 765 2168 ramos.
1136 2176 1141 2181 q

317 2183 362 2228 V
358 2185 638 2226 erticillatam
661 2218 672 2236 ‚
705 2185 831 2242 quod
864 2182 1170 2242 scyphiforme
1189 2218 1201 2237 ,
1248 2193 1293 2227 et
1323 2201 1350 2228 a
1378 2186 1546 2242 margi-

249 2259 305 2286 ne
337 2244 496 2303 scyphi
534 2260 674 2290 novos
697 2245 892 2304 scyphos
922 2247 1067 2305 giguit
1089 2279 1099 2288 .
