1669 2563
202 107 288 150 206

204 212 516 255 Penicillatam
545 228 571 254 a
601 211 707 272 pilis
736 211 1014 259 fasciculatis
1033 245 1043 263 ,
1078 212 1163 255 hoc
1207 218 1278 254 est
1323 210 1430 270 plu-

141 274 272 316 ribus
297 289 354 315 ex
385 272 545 314 eodem
575 282 718 329 punto
748 275 866 315 natis
885 305 894 314 .

200 331 408 375 Erectum
432 365 442 384 ‚
474 332 724 389 obliquam,
756 340 1003 375 contortam
1032 347 1058 373 a
1089 331 1341 374 directione
1360 363 1371 373 .

198 392 408 435 Laterale
430 425 443 444 ‚
475 395 698 435 terminale
721 425 734 443 y,
766 392 919 450 quoad
951 395 1159 434 ovarium
1185 424 1196 434 .

198 454 447 497 Persisterzs
467 486 478 505 ‚
507 467 772 497 marcescens
802 455 850 495 in
878 451 1033 495 fructu
1050 485 1060 495 .

605 572 932 630 Gynostemium
948 604 958 614 .

200 694 244 750 ς.
288 695 360 751 39.
403 692 785 747 Gynostemium‚
832 694 925 733 sive
974 705 1144 749 corpus
1188 687 1434 732 antherife-

142 768 244 796 rum
272 787 284 804 ‚
330 761 373 795 et
395 755 701 808 stigmaticum
731 751 1123 808 Asclepiadearam
1145 784 1156 802 ,
1190 759 1234 794 et
1272 750 1435 793 Orchi-

140 817 321 856 dearum
351 813 520 853 dieitur

200 873 424 928 Regztlare
450 904 461 922 ‚
494 885 600 911 oum
632 871 753 911 sistit
803 870 970 911 tubum
1012 872 1135 911 circa
1187 872 1397 912 ovarium
1422 902 1434 921 ,

140 936 220 991 qui
254 933 394 973 tubus
427 944 619 987 superne
663 931 832 986 tegitur
865 933 1073 986 stigmate
1107 929 1382 986 pollinigero
1404 962 1414 971 .

204 992 453 1046 Irregalare
480 1023 491 1040 ‚
517 1004 623 1030 cum
653 987 962 1030 machinulam
1006 988 1148 1030 efficit
1191 989 1324 1030 nulla
1364 1003 1440 1030 oo-

142 1056 267 1109 gnita
297 1051 443 1092 forma
480 1048 866 1091 determinandam
891 1081 902 1102 ,
935 1063 1129 1105 superne
1179 1048 1440 1107 antherige-

145 1128 241 1154 ram
260 1145 270 1162 ‚
303 1110 477 1152 inferne
510 1111 813 1166 stigmassoam
841 1140 852 1150 .

140 1172 344 1213 Anthera
367 1173 414 1211 in
445 1171 730 1228 gynostemio
755 1183 875 1210 nuno
912 1166 1145 1219 solitaria,
1176 1182 1298 1210 nuno
1338 1166 1443 1225 plu-

143 1248 213 1274 res
237 1265 246 1274 .
279 1232 398 1274 Cum
431 1230 590 1288 plures
612 1262 624 1280 ,
657 1229 720 1270 hae
751 1228 1041 1286 androphoro
1072 1228 1240 1270 haerent
1265 1260 1279 1280 ,
1314 1227 1443 1285 quod

145 1291 219 1334 vel
252 1292 381 1333 tubus
409 1293 648 1332 stamineas
676 1322 687 1340 ‚
717 1288 792 1331 vel
822 1303 1000 1346 synema
1022 1321 1034 1340 ‚
1073 1297 1214 1346 prout
1246 1291 1445 1345 pertinet

143 1353 200 1394 ad
231 1353 568 1410 gynostemium
612 1348 822 1407 regulare
847 1381 857 1399 ,
890 1347 963 1391 vel
994 1349 1251 1407 irregulare
1278 1381 1292 1399 ‚
1321 1363 1446 1390 nun-

140 1421 339 1470 cupatur
363 1444 372 1454 .
409 1412 570 1453 Tubus
601 1411 847 1451 stamineus
879 1417 947 1451 est

201 1472 592 1530 Appendicalatas
614 1503 625 1521 ,
657 1484 762 1511 cum
792 1467 1106 1512 circumdatur
1138 1482 1306 1511 corona
1335 1465 1432 1509 for-

142 1548 219 1574 mae
250 1535 382 1574 variae
413 1534 460 1573 in
491 1533 631 1573 variis
662 1530 885 1587 stirpibus
909 1562 921 1581 ,
953 1544 1093 1587 quam
1123 1529 1331 1571 Linnaeus
1355 1543 1438 1585 ap-

145 1592 400 1650 pellaverat
433 1594 674 1633 nectarium
698 1622 708 1632 .

143 1653 325 1695 Corona
351 1652 452 1694 tubi
485 1652 691 1692 staminei
723 1648 847 1691 ludit

203 1712 439 1768 Simplex,
471 1711 547 1753 vel
593 1713 872 1767 composita,
918 1708 1037 1751 idest
1083 1707 1158 1751 vel
1204 1723 1261 1750 ex
1310 1722 1403 1749 uno
1429 1740 1442 1759 ,

143 1771 216 1815 vel
250 1788 306 1813 ex
339 1770 549 1828 duplici,
582 1778 664 1811 aut
696 1768 868 1826 triplici
901 1769 1079 1811 ordine.

206 1832 511 1888 Monoplzylla
528 1863 540 1881 ,
573 1839 781 1871 truncata
800 1861 810 1878 ‚
845 1831 1120 1884 integerrima
1142 1860 1160 1882 ,
1185 1827 1439 1879 crenulata,

144 1891 326 1944 lobata,
350 1891 495 1947 fissa,
520 1893 698 1947 partita
722 1921 732 1940 ‚
766 1888 1068 1945 cyathiformis
1093 1921 1102 1930 .

207 1952 488 2009 Polyphylla
511 1984 522 2003 ,
542 1949 720 2006 foliolis
749 1948 1031 1991 sabrotundis
1060 1981 1072 2000 ‚
1103 1949 1272 1990 lunatis
1294 1981 1308 2000 ,
1339 1962 1442 1989 car-

148 2016 267 2054 nosis
283 2044 300 2065 ,
330 2015 510 2067 integris
536 2043 547 2060 ‚
578 2010 721 2065 bifidis
740 2042 750 2060 ‚
783 2008 1005 2065 bipartitis
1023 2041 1034 2059 ‚
1087 2009 1253 2050 obtusis
1273 2039 1290 2060 ,
1338 2022 1443 2049 aca-

153 2075 211 2114 tis
234 2105 245 2124 ,
279 2074 543 2113 acuminatis
558 2102 575 2123 ,
604 2069 821 2111 subiciatis
843 2101 855 2120 ,
887 2071 1067 2111 adnatis
1094 2102 1105 2122 ‚
1136 2070 1294 2111 solutis
1307 2099 1325 2123 ,
1346 2069 1444 2110 dor-

148 2146 197 2173 so
243 2134 434 2174 dentatis
454 2164 465 2182 ,
497 2129 571 2173 vel
601 2132 794 2171 cristatis
817 2161 827 2171 .

208 2191 448 2234 cucullata
478 2223 488 2242 ,
541 2203 788 2246 compressa
818 2222 830 2243 ‚
883 2190 1091 2248 depressa
1118 2203 1146 2231 a
1173 2186 1444 2233 foliolorum

150 2250 299 2295 forma
323 2285 334 2304 ‚
365 2260 410 2294 et
440 2251 690 2294 directione
708 2282 719 2292 .
