1669 2563
1333 127 1408 180 147

200 238 385 283 naturae,
419 230 609 273 subinde
640 243 744 271 vero
777 243 866 270 una
900 241 1067 284 organa
1124 227 1328 270 foeminea
1348 261 1358 279 ,
1391 243 1487 270 ma—

200 292 340 334 sculis
371 291 615 334 latentibus
636 321 645 330 .

529 405 748 463 Defectus
799 407 1120 448 involucrorum
1149 437 1159 445 .

255 528 299 583 §.
332 529 431 582 438.
463 525 644 582 Organa
694 526 1036 583 propagationis
1081 523 1342 581 plantarum
1391 537 1490 563 aco-

196 587 540 641 tyledonearum
572 600 661 626 non
693 588 757 626 ita
788 601 814 626 a
844 593 1007 627 natura
1050 586 1298 624 constituta
1351 589 1454 622 sunt
1477 614 1489 632 ,

195 654 248 686 ut
276 647 510 687 indusium
540 677 550 695 ‚
584 652 629 687 et
658 643 1038 702 conceptaculum
1085 659 1260 699 semper
1310 641 1488 691 adsint,

194 713 274 746 aut
309 705 444 747 simul
469 705 618 746 adsint
640 737 649 746 .
678 705 796 747 Cum
818 707 959 762 igitur
1003 702 1280 744 alterutrum
1326 701 1490 742 horum

194 765 538 806 involucrorum
570 763 736 814 deficit,
761 772 900 821 prout
928 765 1151 820 contingit
1181 764 1226 802 in
1248 762 1459 817 quaiseto
1479 793 1489 810 ‚

192 826 237 865 in
258 824 692 881 Hydropteridz'bus,
728 825 982 881 Polypodio
1012 855 1023 875 ‚
1080 822 1273 879 aliisque
1299 853 1308 871 ,
1365 821 1492 877 quod

191 884 317 926 adest
347 884 641 926 involucrum
660 918 671 936 ‚
703 884 1002 925 dicendumne
1035 884 1123 924 erit
1147 882 1378 922 indusium
1402 913 1412 930 ,
1436 896 1494 921 an

191 944 606 1002 conceptaculum?
651 944 863 986 Difficilis
894 945 1124 1001 responsio
1168 943 1226 983 al)
1261 949 1493 982 anatomes

192 1003 374 1061 legibus
408 1007 548 1062 petita
571 1037 580 1046 .
635 1004 884 1062 Hucusque
918 1004 1177 1059 judicatum
1204 1001 1258 1042 de
1310 1000 1492 1040 indusio

192 1080 249 1105 ex
282 1064 533 1122 fragilitate
565 1064 734 1106 sacculi
791 1097 802 1114 ‚
835 1072 888 1105 ut
919 1066 966 1104 in
996 1062 1208 1119 Equiseto
1229 1093 1239 1111 ,
1277 1060 1332 1102 de
1383 1074 1493 1100 con-

191 1123 435 1181 ceptaculo
467 1140 521 1165 ex
553 1123 831 1165 firmitudine
861 1156 871 1174 ‚
910 1132 954 1166 et
1004 1121 1304 1164 crassitudine
1359 1121 1456 1174 ejus
1480 1151 1491 1169 ‚

192 1193 247 1224 ut
276 1187 324 1225 in
355 1183 777 1241 Hydropteridibus,
807 1183 1088 1240 reliquisque
1116 1199 1126 1231 3
1159 1181 1204 1221 id
1228 1188 1375 1220 tamen
1407 1194 1496 1219 non

191 1244 305 1284 adeo
338 1258 489 1284 severe
522 1260 696 1302 semper
731 1243 903 1285 factum
930 1275 941 1293 ‚
971 1252 1029 1292 ut
1074 1241 1198 1298 quod
1252 1246 1496 1295 concepta-

192 1303 350 1344 culum
384 1305 514 1345 nobis
544 1312 609 1346 est
635 1337 646 1355 ,
681 1304 912 1345 indusium
944 1302 1218 1359 quandoque
1242 1314 1332 1341 non
1354 1298 1494 1340 fuerit

193 1372 509 1420 nuncupatum
530 1398 539 1407 .

613 1481 648 1523 S
644 1481 1042 1538 permatocystidia
1091 1497 1096 1503 ·

248 1601 292 1656 ς.
324 1603 423 1657 439.
450 1599 873 1658 Spermatocystidia
904 1606 1009 1642 sunt
1030 1613 1169 1656 grana
1184 1595 1372 1655 pollinis
1395 1596 1499 1636 sim-

192 1660 474 1718 plicissima,
531 1660 757 1718 oblonga,
804 1659 875 1701 vel
921 1659 1147 1708 rotunda,
1199 1672 1309 1713 saepe
1363 1655 1495 1696 valde

190 1724 367 1762 :minuta
395 1753 405 1770 ‚
438 1729 483 1761 et
513 1720 690 1762 auxilio
744 1728 920 1762 tantum
952 1721 1058 1760 vitri
1090 1716 1337 1774 detegenda
1365 1748 1375 1765 ,
1401 1730 1498 1771 quae

190 1790 346 1823 carent
377 1781 655 1822 domuncula
688 1782 920 1830 staminea,
957 1781 1047 1820 sive
1071 1778 1257 1819 anthera
1281 1809 1290 1817 .
1324 1777 1500 1816 Humo-

192 1857 286 1882 rem
349 1840 591 1898 genitalem
647 1842 878 1881 continere
925 1847 1146 1896 putantur
1173 1854 1182 1887 3
1237 1836 1498 1892 Hedwigius

192 1903 327 1952 enim,
360 1900 636 1952 Mirbelius,
671 1900 956 1942 Schubertus
986 1913 1093 1940 cum
1144 1899 1404 1938 mersissent
1453 1899 1501 1936 in

193 1975 312 2017 aqua
337 1993 348 2011 ‚
379 1961 595 2002 viderunt
624 1994 634 2011 ‚
669 1961 757 2002 haec
789 1962 918 2017 apice
950 1959 1149 2016 aperiri,
1183 1965 1227 1998 et
1258 1957 1499 1997 humorem

194 2022 397 2061 emittere
426 2053 435 2062 .
481 2022 690 2062 Attamen
744 2019 904 2061 nullus
957 2019 1198 2075 hucusque
1250 2017 1500 2073 deprehen-

195 2080 263 2119 dit
296 2081 718 2136 spermatocystidia
762 2082 1022 2138 genituram
1079 2077 1320 2120 fundentia
1367 2092 1501 2133 super

194 2138 394 2181 foeminas
421 2173 430 2182 .
463 2141 598 2182 Nunc
628 2139 857 2182 filamento
889 2141 1017 2182 brevi
1048 2137 1310 2179 fulciuntur
1342 2169 1352 2187 ,
1377 2146 1428 2176 ut
1454 2138 1500 2175 in

195 2199 390 2250 lmascis,
419 2208 463 2241 et
493 2198 910 2258 Hydroptericlibas,
943 2213 1064 2240 nunc
1097 2207 1151 2239 ut
1181 2201 1227 2238 in
1274 2196 1499 2253 Equisetis

197 2258 367 2302 sessilia
399 2269 503 2302 sunt
532 2293 542 2311 ‚
598 2269 642 2302 et
697 2275 851 2318 sparsa
906 2274 1044 2317 supra
1096 2257 1294 2300 taeniolas
1348 2257 1460 2297 duas
1484 2287 1495 2304 ‚
