1669 2563
1284 117 1361 144 221

207 214 250 269 ξ.
278 215 346 269 57.
371 212 545 267 Siliqzta
577 217 642 250 est
673 210 976 264 pericarpium
1009 206 1245 264 capsulare
1265 241 1275 258 ‚
1311 208 1429 250 libe·-

150 288 279 323 rum,
315 289 390 330 per
422 269 750 327 longitudinem
784 266 1061 315 biloculare,
1094 267 1273 309 biValve
1302 301 1313 318 ‚
1335 284 1431 309 ner-

148 348 204 374 vo
238 333 512 390 placentario
543 331 664 369 circa
696 342 820 367 oram
857 325 1091 367 valvarum
1115 330 1328 384 utrinque
1350 344 1430 368 cx—

147 400 356 433 currente
380 424 390 441 ,
423 397 467 430 et
498 386 752 430 seminifero
777 419 788 436 ‚
820 387 1082 427 continuato
1137 388 1181 426 in
1213 389 1432 428 membra-

148 468 249 493 nam
280 452 649 506 dissepimentum
694 445 954 487 loculorum
1006 443 1275 487 facientem.
1313 446 1430 486 Lon-

147 511 305 568 gitudo
337 508 507 565 siliquae
538 506 827 548 latitudinem
853 513 1051 563 quatuor
1075 505 1254 547 vicibus
1277 505 1434 546 saltem

149 577 333 627 superat
355 601 365 610 .
399 568 578 624 Siliqua
612 566 735 607 ludit

204 627 407 669 Linearis
429 660 440 678 ,
473 641 722 683 compressa
739 658 750 676 ‚
775 623 985 667 subulam
1003 656 1014 675 ‚
1045 625 1226 680 gracilis
1250 657 1262 675 ‚
1294 624 1437 680 cylin-

146 689 304 730 dracea
328 720 339 739 ‚
373 696 604 743 tetragona
631 719 642 737 ,
675 699 824 727 crassa
855 717 866 735 ‚
898 686 1076 740 turgida
1099 717 1108 726 .

204 748 419 790 Rostrata
449 749 508 790 ab
538 749 747 788 acumine
780 745 1008 786 terminali
1056 744 1281 802 producto
1309 776 1320 795 ,
1361 760 1440 785 en-

146 807 319 850 siformi
341 840 352 858 ‚
378 807 452 849 vel
483 806 699 850 subulato
724 838 736 857 ,
769 805 841 846 vel
880 813 1013 846 ovato
1037 837 1047 846 .

211 868 430 909 Tor-alosa
452 900 462 916 ‚
510 866 808 923 monilzformis
837 881 864 906 a
893 865 1297 908 constrictionibus
1328 897 1339 915 ‚
1393 871 1439 904 et

148 929 416 985 turgorihus
448 928 713 968 successivis
738 958 748 967 .

205 988 461 1029 Articulata
492 1003 570 1044 per
605 995 909 1028 transversum
930 1017 939 1026 .

208 1047 479 1103 Septalata‚
512 1045 658 1088 valvis
690 1062 768 1103 per
801 1044 1138 1102 longitudinem
1167 1043 1441 1084 dehiscenti-

146 1107 234 1148 bus
264 1139 274 1157 ‚
310 1109 433 1148 intus
464 1109 509 1147 in
537 1119 773 1163 processus
805 1113 1082 1147 transversos
1114 1103 1351 1161 productis
1371 1136 1381 1145 .

147 1167 268 1208 Cum
299 1166 554 1208 differentia
586 1168 702 1207 inter
752 1164 1085 1221 longitudinem
1109 1196 1120 1214 ,
1152 1171 1198 1205 et
1229 1162 1439 1205 latitudi-

148 1241 251 1268 nem
281 1226 453 1284 siliquae
479 1240 616 1284 parva
647 1234 714 1268 est
737 1258 748 1276 ‚
776 1232 884 1266 tunc
924 1225 1142 1267 hahemus
1187 1224 1404 1266 siliczclam
1431 1255 1442 1274 ,

152 1301 247 1344 quae
279 1286 450 1328 dicitur

212 1345 405 1388 Globosa
432 1379 442 1397 ,
493 1354 626 1388 ovata
651 1379 662 1396 ‚
707 1344 899 1386 obovata
920 1377 930 1394 ‚
974 1344 1288 1399 triangularis,
1333 1357 1447 1398 qna-

155 1407 436 1460 drangularis
453 1437 469 1458 ,
523 1419 771 1462 compressa
803 1437 814 1456 ,
871 1403 1118 1446 orbiculata
1148 1436 1158 1453 ‚
1211 1405 1409 1459 elliptica
1436 1435 1447 1452 ,

157 1474 346 1506 cuneata
366 1498 377 1516 ‚
409 1468 682 1522 emarginata
700 1497 711 1515 ‚
745 1464 982 1507 obcordata
1008 1496 1018 1514 ‚
1052 1471 1242 1505 rostrata
1269 1496 1280 1513 ,
1311 1462 1445 1504 bicor-

154 1528 223 1566 nis
240 1557 251 1575 ,
273 1525 429 1581 glabra
450 1559 460 1576 ‚
488 1525 731 1582 pubescens
748 1557 759 1576 ,
804 1525 972 1566 hirsuta
991 1555 1001 1574 ,
1034 1522 1188 1565 scabra
1206 1556 1216 1574 ,
1258 1526 1468 1564 murima

155 1595 203 1628 ta
221 1617 232 1635 ‚
266 1585 494 1627 echinata.

215 1645 418 1701 Didyma
446 1661 472 1687 a
501 1644 647 1687 valvis
679 1644 858 1686 duabus
882 1646 1148 1700 compressis
1179 1675 1189 1692 ,
1218 1640 1448 1683 orbicula-

156 1707 240 1756 tis,
267 1704 480 1763 placentae
510 1705 831 1763 angustissimae
862 1703 1068 1761 stiligerae
1098 1702 1240 1744 latere
1268 1717 1350 1744 suo
1375 1702 1450 1742 ad-

158 1767 273 1807 natis
293 1797 303 1807 .

215 1825 359 1867 Alata
387 1825 448 1867 ab
479 1823 553 1867 ala
583 1824 924 1865 membranacea
955 1821 1225 1880 marginali.

221 1885 475 1928 Utriculata
501 1917 513 1936 ,
543 1898 648 1926 cum
682 1891 834 1940 turget
857 1882 1002 1925 veluti
1035 1880 1186 1924 inflata
1215 1915 1225 1925 .

216 1943 581 1987 Nacamentacea
626 1959 652 1985 a
702 1944 847 1986 valvis
898 1943 1172 1985 indistinctis
1221 1944 1298 1984 vix
1324 1976 1335 1994 ‚
1368 1950 1449 1983 aut

163 2017 254 2044 non
285 2003 620 2046 dehiscentibus
643 2036 653 2046 .

165 2063 316 2104 Valvae
347 2072 443 2104 tum
480 2063 651 2120 siliquae
670 2097 680 2113 ‚
714 2072 811 2104 tum
837 2063 1026 2105 siliculae
1058 2062 1276 2104 dicuntur

222 2122 401 2174 Plance,
424 2138 520 2180 quae
545 2125 727 2164 omnino
753 2122 978 2180 parallelae
1005 2131 1130 2179 septo
1171 2131 1420 2164 transverso
1439 2155 1448 2163 .

223 2181 445 2224 Carinatae
466 2216 477 2234 ‚
511 2183 788 2225 naviculares
813 2215 823 2234 ‚
855 2198 960 2226 cum
994 2182 1168 2240 plicatae
1207 2182 1263 2224 ad
1312 2197 1451 2239 angu-

163 2241 259 2284 lum
291 2243 564 2285 incumhunt
597 2251 721 2300 septo
741 2275 751 2284 .
