1669 2563
1349 148 1435 189 313

200 256 414 300 boreales
443 257 523 299 vix
554 254 681 296 ultra
711 253 913 295 circulos
944 253 1122 311 polares
1140 284 1157 305 ,
1200 259 1246 295 et
1269 285 1281 303 ‚
1312 267 1410 311 quae
1441 253 1499 295 ad

202 333 361 360 zonam
419 322 717 372 temperatam
768 315 997 370 pertinent
1029 347 1041 364 ,
1088 328 1178 354 non
1226 321 1319 354 tam
1361 312 1498 356 facile

197 377 532 419 transferantur
565 374 671 415 hinc
704 372 763 414 ad
796 375 996 429 tropicos
1022 405 1034 423 ‚
1068 374 1173 415 inde
1217 373 1275 414 ad
1325 373 1457 429 polos
1484 406 1496 424 ‚

194 437 394 493 denique
425 434 672 477 orientales
702 431 976 474 difficillime
1004 447 1111 474 cum
1136 432 1501 475 occidentalibus

192 498 576 538 commisceantur
598 526 612 545 ,
646 500 693 535 et
724 494 926 535 vicissim
949 523 959 534 .
1002 492 1103 533 Haec
1147 500 1302 533 autem
1346 495 1501 535 omnia

189 571 282 598 non
307 556 589 597 strictissime
622 552 925 610 intelligenda
948 584 960 603 ,
999 553 1064 592 sic
1107 560 1162 592 ut
1200 552 1327 594 sedes
1371 551 1502 608 plan-

189 623 345 657 tarum
376 615 535 656 eadem
567 620 795 672 perpetuo
827 615 886 654 sit
909 645 922 664 ‚
953 625 1037 654 nec
1083 611 1142 652 ad
1187 610 1290 652 loca
1343 614 1498 668 proxi-

190 677 339 716 miora
364 707 377 725 ‚
409 690 520 732 saepe
551 676 690 715 etiam
720 672 976 730 longinqua
1007 672 1144 728 stirps
1173 670 1332 728 aliqua
1361 671 1499 713 deve-

187 738 287 777 niat
317 766 330 785 ‚
373 742 456 775 aut
491 733 733 775 transferri
778 734 921 790 possit
950 764 960 774 .
993 730 1325 773 Observatione
1377 733 1500 773 enim

188 802 481 851 compertum
511 802 609 844 est,
644 808 746 851 quae
783 792 946 850 plantae
977 793 1219 834 stationem
1262 789 1467 848 alpinam
1490 825 1503 842 ‚

189 854 500 912 frigidamque
546 861 703 895 tenent
746 855 796 893 in
845 852 932 894 hac
986 854 1206 909 regione,
1260 852 1501 894 stationem

192 914 531 972 propemodum
562 913 763 955 similem
788 946 800 964 ,
834 914 1015 970 sibique
1045 913 1392 953 convenientem
1436 911 1502 953 lo-

190 989 247 1016 co
278 973 533 1016 humiliore
564 975 767 1031 reperire
799 976 845 1014 in
876 972 1011 1030 longe
1041 972 1221 1014 diversa
1245 1003 1257 1022 ,
1304 979 1503 1014 remota-

191 1050 285 1092 que
316 1034 567 1076 latitudine
599 1033 782 1075 boreali
811 1065 822 1083 ,
855 1041 901 1074 et
931 1034 1164 1082 vicissim3
1190 1030 1239 1073 fit
1273 1046 1461 1089 quoque
1488 1065 1502 1082 ‚

187 1102 245 1135 ut
275 1110 332 1136 ex
365 1093 685 1152 peculiaribus
729 1092 821 1134 loci
857 1094 1216 1134 circumstantiis
1247 1091 1322 1133 hio
1370 1106 1501 1149 repe-

188 1156 371 1196 riantur
406 1154 569 1212 plantae
593 1186 607 1205 ,
639 1168 742 1210 quae
766 1152 849 1194 alii
884 1152 992 1195 caelo
1021 1185 1032 1203 ,
1066 1151 1240 1209 aliique
1284 1150 1388 1193 loco
1422 1168 1502 1209 pe-

185 1214 388 1257 culiares
417 1245 427 1257 .
457 1215 592 1256 Hisce
625 1215 966 1271 superstruitur
992 1214 1303 1255 recentiorum
1334 1211 1503 1254 doctri-

191 1290 251 1315 na
281 1274 338 1316 de
371 1275 650 1316 stationibus
682 1273 949 1332 plantarum
977 1306 989 1324 ‚
1021 1288 1120 1331 quae
1152 1271 1359 1330 profecto
1396 1289 1504 1330 per-

185 1334 401 1377 fectionis
432 1350 520 1377 suae
553 1349 782 1376 summam
813 1334 1054 1391 hucusque
1086 1348 1177 1374 non
1207 1334 1390 1390 attigit.
1422 1333 1501 1374 In·-

185 1402 313 1436 terea
344 1402 498 1437 tamen
527 1410 712 1436 monere
743 1396 876 1451 juvat
901 1428 913 1445 ,
946 1394 1051 1435 loca
1100 1392 1273 1435 natalia
1319 1392 1501 1450 planta-

186 1470 293 1496 rum
323 1458 529 1512 cujusvis
562 1457 764 1514 regionis
796 1471 969 1513 semper
1000 1469 1094 1496 esse
1132 1455 1181 1495 in
1227 1454 1500 1511 descriptio-

183 1516 323 1558 nibus
375 1516 610 1566 notanda,
659 1531 769 1558 cum
814 1516 905 1558 haec
958 1514 1215 1573 plurimum
1259 1513 1496 1556 conferant

184 1575 245 1616 ad
277 1577 495 1633 stirpem,
529 1578 612 1619 ubi
645 1591 765 1634 opus
799 1585 867 1619 est
887 1609 899 1628 ,
924 1574 1237 1634 reperiendam
1263 1608 1276 1625 ‚
1308 1584 1356 1617 et
1388 1589 1499 1633 saepe

184 1636 326 1678 etiam
355 1637 747 1679 determinandam
771 1669 782 1679 .

629 1757 1023 1814 Peregrinationes
1046 1789 1057 1800 .

253 1876 301 1932 ξ.
339 1877 434 1934 189.
466 1875 528 1918 At
555 1880 640 1935 qui
672 1880 806 1935 cupit
835 1877 1092 1920 doctrinam
1124 1876 1388 1935 plantarum
1428 1890 1501 1918 so-

185 1935 281 1978 lide
311 1939 527 1994 assequi,
563 1939 789 1995 stirpibus
834 1940 950 1981 vivis
983 1971 995 1988 ,
1023 1946 1068 1980 et
1114 1939 1372 1995 spontaneis
1428 1936 1501 1977 ‹li-

185 1997 454 2053 gnoscendis
484 2000 578 2038 cito
609 2007 848 2041 assuescat
873 2032 884 2050 ‚
917 2014 1010 2056 qua
1040 1998 1096 2041 de
1128 2013 1268 2039 causa
1301 1999 1500 2055 peregri-

186 2059 392 2098 nationes
415 2060 463 2099 in
488 2057 691 2100 diversas
726 2067 853 2101 terrae
886 2058 1044 2117 plagas
1068 2092 1079 2111 ,
1114 2060 1414 2116 regionesque
1435 2058 1502 2098 di-

186 2119 327 2159 versis
357 2119 463 2158 anni
492 2120 783 2176 temporibus
814 2121 1064 2177 suscipiat3
1100 2119 1203 2160 hinc
1238 2122 1357 2160 enim
1394 2116 1500 2175 plus

185 2176 485 2219 emolumenti
517 2181 696 2236 capiet,
730 2195 870 2236 quam
902 2196 929 2220 a
960 2181 1338 2221 meditationibus
1370 2178 1494 2218 domi

185 2239 409 2279 institutis
440 2245 523 2279 aut
555 2254 691 2297 super
714 2241 867 2282 icones
887 2273 897 2290 ‚
929 2248 1011 2281 aut
1042 2255 1176 2298 super
1204 2239 1382 2297 plantas
1408 2241 1496 2278 sic-

185 2314 291 2350 cas,
325 2312 423 2356 quae
456 2297 621 2356 faciem
652 2298 920 2357 plantarum
950 2316 1106 2344 veram
1139 2315 1250 2358 saepe
1281 2306 1493 2342 mutant.
