1669 2563
233 86 312 127 152

164 189 284 249 pilos
317 189 544 249 simplices
571 223 582 241 ‚
614 188 685 232 vel
718 204 914 232 ramosos
939 222 950 240 ,
983 188 1056 233 vel
1091 193 1200 232 retis
1231 189 1377 233 forma
1399 193 1471 233 in-

166 258 402 302 tertextos‚
435 260 516 292 aut
545 254 591 292 in
624 250 844 292 taeniolam
870 253 1256 307 angustissimam,
1281 259 1467 302 tortam,

164 310 395 352 elasticam
420 344 431 362 ,
491 310 778 353 foraminulis
829 319 991 352 catenae
1057 311 1192 352 modo
1241 311 1472 352 interdum

164 378 397 428 pertusam
425 386 436 420 ς
471 387 579 428 saepe
610 370 887 412 diffunditur
922 373 967 411 in
1013 371 1328 412 membranam
1378 370 1480 427 pla-

162 446 284 483 nam,
316 430 390 472 vel
422 430 572 488 plicis,
603 430 816 480 lamellis,
853 429 1045 472 clathris
1078 438 1327 481 extantem,
1362 445 1477 489 saepe

162 491 262 532 abit
295 492 343 531 in
375 490 582 541 subulas,
615 491 767 541 tubos,
803 505 943 546 poros
965 523 974 532 .
1002 491 1266 547 Ingreditur
1290 504 1479 547 quoque

162 551 383 592 interiora
416 550 839 608 perigongyliorum
869 583 880 601 ‚
914 558 960 590 et
1015 550 1273 607 placentam
1297 582 1309 600 ,
1355 548 1478 590 suni-

162 609 415 667 culumque
447 609 763 652 umbilicalem
811 609 1023 667 gongylis
1048 611 1326 667 suppeditat,
1347 609 1473 666 quod

163 670 553 712 evidentissimum
584 673 631 711 in
662 670 853 711 Μηδεὶς.
886 670 1095 727 Denique
1129 669 1474 727 receptaculum

161 733 453 771 connectitur
485 744 592 770 cum
622 731 877 772 substantia
906 732 1050 771 cormi
1080 762 1092 781 ‚
1124 729 1256 771 nullo
1286 728 1472 771 involu-

162 804 241 831 cro
272 791 534 845 interjecto.

221 849 267 904 §.
299 853 399 906 449.
433 850 492 889 At
525 846 649 905 quod
679 847 752 888 hic
785 849 1054 904 praecipuam
1085 856 1288 890 meretur
1325 854 1471 889 atten-

162 911 349 959 tionem,
384 906 727 964 receptaculum
752 907 1184 961 acotyledonearum
1225 923 1364 965 quam
1395 922 1471 949 sae-

161 970 344 1025 pissime
376 984 465 1008 una
498 982 665 1024 organa
696 965 901 1007 foeminea
931 999 943 1016 ‚
988 966 1105 1007 idest
1150 967 1471 1024 perigongylia

162 1028 375 1085 gongylis
407 1027 510 1068 fceta
534 1059 545 1076 ‚
578 1025 651 1067 vel
683 1041 705 1066 e
740 1024 976 1082 superficie
1009 1041 1091 1067 sua
1135 1029 1469 1083 prominentia,

160 1088 236 1129 vel
266 1092 386 1129 intra
418 1088 716 1128 substantiam
750 1100 875 1126 suam
910 1085 1089 1142 sepulta
1119 1089 1238 1143 gerit
1266 1118 1277 1136 ,
1321 1084 1468 1128 nullis

161 1147 596 1204 spermatocystidiis
631 1154 761 1186 extra
797 1146 1098 1187 existentibus
1118 1178 1129 1196 ,
1156 1160 1251 1202 quo
1281 1148 1330 1186 in
1359 1160 1470 1187 casu

160 1207 441 1264 gelatinosus
473 1206 638 1247 humor
689 1220 715 1246 a
746 1205 1037 1262 receptaculo
1088 1205 1364 1262 quandoque
1395 1221 1470 1247 ex-

161 1268 297 1310 sudat
322 1301 333 1318 ,
369 1266 514 1308 veluti
547 1268 593 1306 in
624 1265 776 1315 Facis,
810 1264 1085 1322 Xylonzycis,
1109 1266 1436 1322 Gasteromycis
1458 1299 1470 1316 ,

161 1330 243 1384 qui
276 1327 442 1369 humor
472 1329 519 1367 in
554 1326 690 1367 Facis
722 1326 1122 1367 observationibus
1180 1326 1470 1367 Lamourou-

159 1390 228 1429 xii
260 1388 318 1429 ad
349 1387 686 1429 foecunditatem
719 1385 1025 1443 gongylorum
1069 1389 1250 1426 omnino
1294 1385 1470 1426 condu-

159 1450 254 1490 cit.
286 1448 498 1503 Denique
529 1446 733 1487 mirando
759 1445 851 1486 alio
882 1453 1050 1487 naturae
1078 1444 1341 1502 spectaculo
1394 1461 1468 1486 re-

159 1507 401 1565 ceptacula
432 1507 523 1548 duo
568 1522 591 1547 e
634 1520 788 1546 cosmo
818 1507 1079 1546 tenuissimo
1110 1505 1468 1561 Conjugatarum

161 1567 447 1626 pullulantia
473 1567 559 1608 sibi
591 1568 786 1607 invicem
818 1574 1083 1616 occurrunt,
1116 1573 1161 1606 et
1207 1566 1466 1622 junguntur

160 1642 406 1685 congressu
435 1658 446 1677 ,
481 1634 533 1667 ut
564 1628 628 1666 ita
660 1626 810 1667 dicam
831 1658 841 1676 ‚
877 1626 1067 1682 genitali
1098 1657 1109 1675 ‚
1142 1641 1169 1667 a
1199 1639 1292 1684 quo
1341 1640 1465 1667 novae

160 1690 438 1729 exoriuntur
475 1686 656 1728 soboles
684 1718 694 1727 .

233 1806 310 1861 An
330 1808 458 1849 detur
485 1807 710 1863 generatio
738 1807 785 1846 in
821 1805 1001 1862 plantis
1031 1805 1358 1862 acotyledoneis
1383 1836 1392 1844 .

222 1927 267 1982 ξ.
300 1927 403 1981 450.
436 1924 507 1966 Ex
538 1927 611 1975 iis,
645 1939 742 1982 quae
774 1939 911 1982 supra
945 1925 1220 1967 tradidimus
1240 1957 1251 1974 ,
1285 1923 1463 1980 aliquid

162 1987 263 2028 dari
296 1990 344 2028 in
396 1986 675 2043 quibusdam
707 1985 1045 2040 acotyledoneis
1074 2018 1084 2034 ,
1119 1984 1243 2041 quod
1277 2000 1466 2041 genera-

162 2049 300 2089 tionis
330 2062 497 2104 organa
529 2044 696 2087 referat
714 2079 724 2096 ,
747 2052 791 2086 et
812 2047 1115 2102 generationis
1142 2045 1338 2102 speciem
1364 2059 1465 2100 por-

163 2108 349 2157 tendat,
382 2121 463 2148 nos
493 2113 723 2163 putamus,
748 2108 829 2162 qui
862 2107 1167 2162 generationis
1198 2112 1462 2162 apparatus,

164 2175 211 2209 et
234 2167 397 2208 modus
433 2167 492 2209 ab
524 2168 596 2216 iis,
621 2180 717 2224 quae
743 2168 790 2206 in
821 2166 1122 2223 phaenogamis
1153 2167 1424 2222 contingunt
1452 2197 1463 2214 ‚

163 2226 425 2270 luculenter
453 2225 636 2269 differt.
686 2225 862 2268 Etenim
894 2229 941 2267 in
972 2226 1093 2268 hisce
1124 2224 1463 2281 acotyledoneis
