1669 2563
232 114 309 165 140

224 217 268 272 ξ.
301 220 402 270 415.
436 218 523 261 Sed
573 227 617 262 et
665 221 756 263 alia
805 222 940 263 (latur
993 224 1135 263 cormi
1188 230 1418 263 structura
1449 255 1460 273 ,

168 278 213 316 in
244 292 336 334 qua
365 278 573 321 fasciculi
604 295 815 323 vasorum
849 285 942 324 sine
974 282 1131 323 ordine
1190 282 1462 339 dispergun—

165 344 240 376 tur
271 341 391 380 intra
422 339 697 382 cellulosum
730 343 1035 398 parenchyma
1057 375 1066 383 .
1131 341 1461 398 Unusquisque

166 395 412 440 fasciculus
442 401 832 443 observationibus
863 405 1026 444 nostris
1049 417 1184 458 super
1223 402 1462 458 Aspidz‘um,

166 458 414 500 aculeatum
438 461 660 503 institutis
681 471 856 504 constat
876 465 991 504 vasis
1010 462 1300 519 lymphaticis
1317 465 1362 502 in
1378 477 1469 502 am-

163 517 268 557 bitu
301 550 312 568 ,
351 519 638 578 tracheisque
670 524 787 564 veris
815 555 826 574 ,
861 531 909 563 at
939 525 1097 580 paucis
1128 555 1138 572 ‚
1172 524 1217 564 in
1248 523 1467 579 penitiori

166 577 423 621 substantia
449 597 460 629 3
491 583 676 639 insuper
708 582 912 624 Amicius
941 584 1006 624 ibi
1061 582 1177 624 vidit
1226 592 1272 623 et
1326 581 1467 623 falsas

166 637 372 680 tracheas
396 672 407 690 ,
441 648 485 680 et
517 642 652 683 tubos
679 645 802 698 poris
835 651 1041 700 pertusos
1095 650 1163 684 sat
1216 644 1422 698 copiosos
1451 674 1462 692 ‚

166 699 373 752 quinimo
405 699 621 742 laminam
644 702 933 743 trachearum
958 700 1134 759 duplici
1159 701 1344 743 lamella
1366 700 1465 742 fieri

166 757 339 798 detexit
367 791 377 800 .
405 759 473 800 An
506 763 595 802 sint
627 776 732 803 Vasa
763 765 949 819 propria
979 766 1027 803 in
1058 765 1221 818 quovis
1266 762 1467 803 fascicu-

166 815 213 856 lo
237 850 248 868 ,
281 817 430 860 dicere
462 834 550 860 non
581 821 727 861 audeo
752 854 762 871 ‚
792 822 901 862 licet
929 830 1086 878 putem
1127 838 1182 863 ex
1215 824 1469 863 saturatio-

167 891 233 926 re,
265 885 310 917 et
339 879 674 935 quodammodo
701 881 877 922 diverso
909 884 1112 937 ipsorum
1143 881 1471 923 fasciculorum

168 935 322 978 colore
351 970 360 979 .
395 938 673 993 Hujusmodi
712 955 895 981 cormus
926 940 999 982 vel
1031 942 1078 980 in
1110 940 1273 982 folium
1305 942 1468 983 indivi-

167 1010 269 1037 sum
294 1012 521 1054 expansus
554 1031 565 1049 ‚
598 998 671 1040 vel
702 999 916 1041 bifariam
945 999 1140 1041 foliosus
1162 1001 1352 1056 paleolis
1380 1004 1471 1042 ari-

168 1055 238 1096 dis
269 1059 491 1115 praecipue
521 1057 696 1101 inferne
740 1061 997 1116 aspergitur
1020 1092 1030 1109 ,
1063 1067 1108 1100 et
1129 1061 1263 1115 frons
1306 1062 1470 1110 audit3

167 1114 281 1156 alias
305 1131 412 1158 vero
446 1117 667 1160 caulescit
698 1126 860 1161 trunco
893 1119 1139 1161 frondibus
1171 1129 1329 1162 ornato
1364 1120 1477 1162 Pal-

167 1190 335 1216 marum
365 1179 508 1218 instar
533 1210 543 1219 .

226 1235 271 1290 ς.
304 1236 406 1290 416.
439 1236 609 1279 Plantae
640 1237 975 1294 acotyledoneae
999 1271 1010 1290 ,
1057 1253 1154 1296 quae
1205 1240 1327 1281 hune
1373 1255 1477 1281 cor-

167 1310 296 1336 mum
331 1297 563 1353 possident
586 1330 597 1349 ,
632 1299 689 1340 ad
723 1299 1183 1355 monocotyledoneas
1215 1299 1440 1341 accedunt
1463 1333 1474 1350 ,

168 1371 420 1413 earumque
457 1365 737 1400 structuram
768 1361 944 1416 primus
995 1362 1200 1401 omnium
1246 1360 1363 1401 vidit
1388 1393 1398 1410 ,
1431 1369 1477 1401 et

170 1416 411 1473 descripsit
447 1418 730 1476 Malpighius
761 1420 893 1461 Anat.
927 1418 991 1476 pl.
1023 1420 1218 1462 Londini
1270 1420 1395 1476 1675.
1430 1437 1473 1478 p.

174 1490 216 1530 7.
251 1508 262 1526 ,
297 1486 342 1518 et
372 1477 510 1535 Oper.
538 1493 658 1521 omn.
690 1480 838 1536 Lugd.
869 1479 1033 1522 Batav.
1064 1496 1100 1521 1.
1120 1496 1162 1536 p.
1195 1480 1265 1522 25.

233 1536 277 1591 §.
308 1539 409 1594 417.
436 1538 650 1595 Denique
671 1554 853 1581 cormus
881 1539 1245 1597 simplicissimus
1270 1541 1475 1580 omnium

177 1603 261 1645 est,
296 1600 376 1652 qui
408 1597 481 1640 Vel
517 1607 641 1641 totus
670 1608 848 1641 constat
880 1608 1013 1641 textu
1041 1599 1254 1641 cellulari
1293 1602 1474 1650 minori,

174 1654 431 1709 uniformi,
463 1658 537 1699 vel
569 1659 654 1701 hoc
686 1660 844 1701 eodem
877 1669 1007 1702 textu
1033 1694 1044 1712 ,
1077 1668 1122 1702 et
1171 1660 1298 1701 tubis
1350 1675 1476 1701 vaso-

176 1730 280 1756 rum
314 1715 705 1774 lymphaticorum
735 1722 876 1762 instar
909 1720 1017 1777 plus
1047 1723 1254 1762 minusve
1287 1719 1435 1777 longis
1464 1754 1474 1771 ‚

172 1778 293 1816 vasis
324 1778 665 1831 tracheahbus,
698 1788 743 1822 et
773 1783 972 1838 propriis
1006 1783 1189 1822 omnino
1245 1780 1445 1821 exclusis
1465 1814 1474 1822 .

172 1835 370 1878 Cor-mus
404 1837 530 1880 hicce
561 1838 731 1882 formas
761 1842 913 1881 induit
958 1843 1071 1882 mire
1127 1842 1306 1891 varias,
1338 1841 1474 1882 morlo

174 1898 324 1953 specie
358 1897 505 1940 caulis
535 1900 647 1942 nudi
674 1933 685 1952 ,
720 1902 855 1942 modo
882 1903 1029 1958 specie
1050 1901 1196 1942 caulis
1213 1900 1334 1941 foliis
1361 1916 1476 1942 onu-

174 1959 248 2006 sti,
281 1955 393 1999 alias
424 1958 566 2001 refert
596 1963 921 2018 expansionem
953 1963 1361 2011 membranaceum,
1394 1970 1474 2002 aut

173 2025 373 2058 crustam
397 2050 408 2069 ,
455 2019 612 2076 glebas
640 2054 651 2072 ,
685 2021 906 2063 massulas
955 2021 1170 2063 informes
1198 2054 1208 2071 ,
1274 2021 1434 2078 globos
1463 2055 1474 2073 2

175 2075 327 2118 clavas
352 2111 362 2129 ,
396 2079 541 2135 pileos
570 2114 581 2132 ,
623 2089 747 2123 utres
766 2115 777 2133 ,
809 2081 1037 2123 umbellas
1058 2116 1068 2132 ‚
1101 2082 1337 2123 auriculas
1357 2115 1367 2131 ‚
1403 2097 1476 2123 ur-

179 2136 331 2178 ceolos
356 2171 367 2188 ,
413 2140 628 2183 scutellas
657 2175 668 2192 ‚
698 2141 923 2184 coralium
943 2176 952 2184 .
987 2143 1191 2184 Subinde
1243 2145 1380 2183 etiam
1427 2142 1476 2183 fit

176 2198 292 2237 tubo
323 2196 523 2242 fistulato
548 2235 559 2252 ‚
590 2203 801 2254 indiviso,
835 2202 908 2245 vel
944 2218 1137 2253 ramoso,
1165 2202 1318 2245 fistula
1357 2219 1477 2243 nunc

177 2264 274 2298 tota
314 2262 468 2314 pervia
498 2294 509 2312 ,
536 2278 656 2305 nunc
687 2264 744 2306 ad
778 2271 893 2307 stata
927 2263 1173 2307 intervalla
1224 2267 1364 2323 septis
1407 2266 1478 2307 di-

179 2326 382 2374 rempta.
