1669 2563
313 118 395 146 212

307 209 642 267 Carpophorum
671 243 681 261 ‚
710 210 1023 267 tlzecaplzorum
1052 245 1062 261 ,
1097 211 1373 254 extuberans
1392 245 1403 263 ,
1424 217 1553 255 susti-

253 285 357 310 nens
390 279 564 311 tantum
599 273 803 313 ovarium
824 305 834 322 ‚
869 273 964 314 basi
992 305 1002 322 ‚
1035 281 1079 312 et
1110 287 1190 313 ora
1219 273 1551 316 circumdatum

248 329 421 384 corella
446 364 457 382 ,
487 339 532 372 et
561 331 830 374 staminibus
849 364 859 373 .

304 389 596 447 Basigynium
615 424 626 442 ,
659 391 776 432 idest
806 390 1149 448 carpophorum
1182 392 1340 433 ovario
1372 395 1513 434 unico
1540 428 1549 436 .

306 449 611 508 Polyplzorum
638 484 649 503 ,
678 452 793 495 idest
841 452 1184 509 carpophorum
1230 455 1402 496 ovariis
1446 453 1548 511 plu-

253 510 381 550 ribus
408 543 418 551 .

307 569 621 627 Gynoplzorcmz
640 604 651 621 ‚
682 571 805 628 quod
838 572 1109 623 extuberat,
1143 578 1190 613 et
1220 570 1457 614 decidente
1482 574 1553 629 pi-

250 629 373 670 stillo
402 663 412 680 ,
454 640 652 672 remanet
681 633 728 672 in
758 631 901 672 fundo
934 629 1058 672 floris
1083 664 1092 673 .

262 723 265 725 Α
309 688 615 746 Podogynium
639 723 650 741 ‚
683 692 807 747 quod
840 692 1121 742 extuberat,
1141 699 1185 733 et
1216 690 1450 733 decidente
1482 694 1553 750 pi-

250 748 371 789 stillo
390 782 401 799 ,
448 753 691 791 comitatur
725 753 930 791 ovarium
955 783 965 792 .

308 808 610 865 Epipodium,
642 824 747 849 cum
770 809 860 851 fert
886 811 933 850 in
965 811 1142 852 ambitu
1175 809 1417 867 glandulas
1449 810 1552 868 glo-

251 868 385 908 hosas
419 901 429 918 ‚
486 869 811 910 extuberantes
834 902 845 921 ‚
899 869 992 910 sive
1048 873 1302 912 nectarium
1352 870 1550 928 glandu-

251 927 403 967 losum
432 960 441 968 .

559 1046 637 1088 De
663 1049 921 1103 pericarpz'o
953 1049 999 1088 in
1029 1061 1183 1104 genere
1210 1080 1219 1090 .

307 1165 349 1220 §.
382 1168 452 1219 42.
484 1165 781 1208 Characteres
809 1168 1054 1225 pericarpii
1087 1166 1166 1209 alii
1213 1175 1321 1208 sunt
1365 1182 1547 1225 genera-

249 1224 343 1275 les,
369 1225 449 1266 alii
482 1241 588 1267 vero
613 1226 897 1284 peculiares.
930 1228 1014 1268 Hic
1060 1243 1192 1285 agam
1237 1227 1293 1268 de
1331 1228 1549 1284 generali-

249 1286 335 1326 bus
363 1318 374 1335 ‚
406 1300 603 1342 quorum
634 1286 881 1329 nonnullos
910 1287 1024 1330 alibi
1058 1290 1151 1344 jam
1196 1288 1419 1330 exhibui.
1458 1289 1550 1345 Igi-

248 1354 323 1385 tur
362 1348 666 1404 pericarpium
687 1379 699 1397 ‚
723 1350 817 1389 sive
853 1349 913 1389 sit
958 1349 1381 1405 pseudospermium
1410 1381 1422 1400 ,
1456 1351 1549 1390 sive

249 1406 518 1456 baccatum,
553 1409 644 1449 sive
675 1407 917 1464 capsulare
948 1441 959 1459 ,
980 1408 1151 1449 dicitur

307 1464 536 1522 Simplex,
573 1482 679 1508 cum
712 1467 972 1509 solitarium
1003 1470 1124 1509 intra
1155 1465 1312 1509 florem
1336 1499 1347 1509 .

307 1525 634 1581 Compositum,
666 1542 771 1568 cum
803 1527 939 1585 plura
968 1530 1087 1569 intra
1117 1528 1313 1568 eundem
1343 1525 1499 1568 florem
1536 1560 1545 1569 .

248 1584 507 1642 Pericarpia
557 1587 773 1644 partIalia
821 1582 1042 1630 Vocantur
1094 1588 1294 1644 carpella
1321 1619 1332 1638 ,
1366 1591 1547 1629 nomine

247 1647 476 1701 aptissime
501 1661 527 1687 a
557 1646 867 1688 Decandolleo
898 1647 1042 1689 indito
1063 1680 1073 1689 .

307 1704 636 1760 Aggregatum‚
669 1721 775 1748 cum
806 1707 942 1765 plura
973 1709 1229 1765 pericarpia
1258 1709 1305 1750 in
1352 1707 1542 1749 totidem

248 1761 436 1805 floribus
465 1769 720 1824 aggregatis
743 1798 754 1808 .

305 1822 509 1865 Liberum
533 1858 544 1875 ‚
569 1826 694 1883 quod
725 1840 831 1867 cum
861 1825 992 1868 nulla
1023 1834 1152 1884 parte
1185 1834 1402 1868 extranea
1433 1842 1544 1868 con-

246 1899 416 1925 nexum
434 1917 444 1926 .

306 1944 574 1996 flammans,
605 1946 730 2003 quod.
759 1947 1041 1987 contrarium
1076 1945 1224 1988 libero
1251 1979 1262 1988 .

308 2003 555 2047 Dehiscens
572 2038 582 2056 ,
609 2006 732 2063 quod
752 2038 763 2056 ,
795 2020 901 2046 cum
933 2014 1184 2057 maturum,
1209 2014 1366 2063 sponte
1389 2007 1542 2063 sejun-

249 2065 372 2121 gitur
405 2067 452 2106 in
476 2065 632 2107 valvas
657 2098 668 2117 ‚
700 2073 782 2107 aut
814 2074 965 2122 partes
990 2098 1001 2108 .
1398 2117 1400 2119 ‚

308 2122 590 2168 Indehiscens
616 2159 627 2177 ‚
661 2126 785 2183 quod
817 2127 1099 2167 contrarium
1131 2125 1381 2168 dehiscenti
1406 2159 1416 2168 .

313 2183 493 2228 Tectum
534 2201 559 2228 a
600 2183 757 2241 calyce
783 2220 794 2238 ‚
825 2185 1003 2229 corolla
1031 2219 1042 2239 ‚
1076 2185 1246 2244 glumis
1296 2188 1544 2246 persisten-

250 2244 375 2286 tibus
398 2277 406 2286 .
