1669 2563
1350 121 1424 163 171

244 220 610 279 Monoplzyllum‚
638 214 881 274 diphyllum
905 221 1005 264 etc„
1019 214 1280 269 persistens,
1313 210 1485 254 decidu-

185 299 281 334 um,
315 282 500 324 umbella
543 286 624 321 aut
682 274 917 318 umbellzila
948 273 1138 327 longius,
1162 271 1326 313 brevius
1353 303 1364 321 ‚
1404 286 1485 313 vo-

183 342 363 386 cahulis
392 343 505 383 bene
534 338 654 380 notis
678 368 688 377 .

249 402 450 458 Simplex
479 413 584 439 cum
619 393 669 437 fit
717 390 893 435 foliolis
947 389 1179 431 indivisis.

243 462 490 505 connatam
517 473 545 498 a
574 453 748 497 foliolis
777 453 980 493 connatis
1009 450 1107 491 basi
1134 480 1145 498 ‚
1177 453 1259 488 aut
1294 447 1483 489 inferne.

240 522 485 563 Pinnatum
526 549 537 567 ,
570 512 889 573 pinnatifidum
943 524 1049 551 cum
1094 513 1268 549 constat
1313 505 1486 549 foliolis

181 578 454 622 lateralibus
485 584 615 618 costae
639 573 792 615 mediae
825 569 971 612 affixis
995 602 1005 620 ‚
1040 567 1115 610 vel
1146 566 1325 607 laciniis
1373 566 1483 608 late-

178 639 358 682 ralibus
388 636 482 678 fere
512 636 570 677 ad
595 634 798 676 medium
830 629 1057 688 profunde
1092 629 1226 669 sectis
1259 657 1270 668 .

241 698 470 753 Integrum
489 728 500 747 ,
532 710 637 737 cum
668 690 923 735 circumdat
956 697 1096 732 totam
1123 679 1482 732 u1nbellan1‚vcl

181 756 486 800 umbellulam
512 789 524 799 .

238 818 550 868 Dimidiatum‚
569 829 673 856 cum
695 810 932 854 dimidiam
956 814 1134 867 partem
1156 803 1384 854 umbellae‚
1409 798 1482 844 vel

178 876 442 920 umbellulae
473 876 618 918 ambit
643 905 656 916 .

236 938 508 994 Dependens
538 950 642 976 cum
662 939 809 975 totum
833 937 1000 971 terram
1030 940 1187 970 versus
1208 922 1456 966 reflectitur
1470 952 1480 961 .

237 999 374 1041 Coma
407 995 458 1036 fit
496 995 727 1042 bracteis,
780 989 972 1032 subinde
1022 986 1216 1045 pulchre
1248 983 1481 1030 coloratis7

178 1074 275 1116 quae
305 1064 566 1114 superstant
600 1051 878 1112 quibusdam
909 1046 1246 1089 inflorescentiae
1293 1043 1440 1086 modis
1467 1072 1478 1082 .

425 1174 561 1217 Modz·
583 1173 831 1233 peculiares
868 1168 1194 1227 inflorescentioe
1215 1197 1226 1207 .

238 1296 281 1351 ς.
315 1310 385 1338 21.
414 1292 755 1336 Infloreseentiae
790 1287 912 1332 modi
938 1295 1041 1330 sunt
1065 1288 1209 1342 spica,
1241 1290 1493 1331 amentum,¹

181 1371 373 1397 racemus
399 1388 409 1404 ‚
442 1355 614 1411 thyrsus
635 1387 646 1404 ‚
669 1350 889 1410 panicula
906 1381 917 1399 ‚
950 1347 1136 1389 umbella
1164 1377 1175 1395 ,
1213 1341 1438 1398 corymbus
1465 1373 1478 1391 ,

173 1430 299 1472 cyma
322 1449 334 1466 ‚
355 1414 625 1472 fasciculum
645 1446 657 1465 ‚
687 1410 932 1468 capitulum
959 1440 971 1459 ‚
997 1405 1200 1450 calathus
1224 1436 1236 1454 ‚
1285 1404 1474 1452 locusta,

172 1476 338 1532 spadix
362 1507 372 1517 .

733 1587 874 1646 Spica
895 1619 906 1630 .

231 1714 276 1770 §.
308 1727 380 1755 22.
411 1711 554 1770 Spica
583 1707 632 1751 fit
662 1707 854 1750 floribus
885 1704 1120 1750 sessilibus
1170 1716 1309 1760 supra
1339 1715 1471 1741 axem

172 1789 461 1816 communem
489 1806 503 1825 ,
537 1773 617 1828 qui
643 1778 834 1812 vocatur
868 1767 1012 1808 rachis
1035 1798 1044 1807 .
1074 1765 1210 1822 Spica
1241 1762 1410 1803 dicitur

236 1834 436 1892 Simplex
467 1848 493 1875 a
524 1830 717 1873 floribus
749 1827 1039 1886 simplicibus
1078 1828 1126 1867 in
1160 1821 1344 1866 rachide
1396 1822 1467 1861 in-

178 1896 327 1937 divisa
346 1927 356 1936 .

233 1956 425 1996 Ramosa
457 1969 484 1995 a
514 1949 697 1994 rachide
728 1947 880 1990 soluta
907 1950 954 1988 in
984 1960 1131 1988 ramos
1157 1977 1167 1987 .

231 2013 485 2070 Composita
515 2028 542 2054 a
571 2009 762 2053 floribus
794 2008 1024 2066 dispositis
1056 2009 1102 2047 in
1135 2004 1280 2062 spicas
1324 2001 1465 2042 mino-

178 2088 267 2124 res,
304 2074 583 2130 sessilesque,
615 2085 711 2128 quae
742 2077 960 2112 vocantur
990 2067 1186 2127 spicum,
1218 2071 1263 2106 et
1292 2061 1466 2103 rachidi

176 2133 373 2191 simplici
400 2166 411 2185 ‚
437 2133 511 2176 vel
540 2145 722 2174 ramosae
742 2129 940 2171 insident
963 2162 972 2171 .

234 2194 447 2250 Digitata
465 2226 476 2245 ‚
507 2207 613 2234 cum
643 2191 800 2248 plures
833 2191 962 2248 spicae
992 2185 1221 2246 simplices
1240 2182 1371 2240 juxta
1419 2194 1463 2221 se

181 2255 274 2297 sitae
307 2257 354 2296 in
385 2255 512 2312 apice
540 2251 711 2296 caulis.
