1669 2563
311 287 355 342 ξ.
396 287 488 328 150.
522 284 653 325 Retia
684 284 775 324 haec
805 298 911 324 cum
942 287 1260 328 macerationis
1281 302 1368 344 ope
1395 291 1540 346 sejun—

251 349 295 404 gi
331 354 498 404 queant
521 377 532 394 ,
567 352 704 400 prout
738 344 1038 400 sejunguntur
1082 347 1250 401 paginae
1297 347 1404 389 libri
1434 383 1444 401 ,
1478 352 1540 392 fa-

249 416 374 447 ctum
407 413 502 454 est,
539 412 590 443 ut
621 403 825 444 Grewius
856 411 1020 443 cuncta
1054 407 1236 445 corticis
1259 410 1370 448 retia
1403 412 1539 453 simul

253 474 430 522 sumpta
456 464 552 504 lz'lm·
586 465 766 503 nomine
790 465 1126 520 nuncupaverit·
1145 496 1156 514 ,
1190 464 1439 522 Malpighio
1466 471 1541 511 ad-

246 532 451 567 versante
472 556 482 574 ‚
517 525 592 563 cui
621 523 729 563 liber
758 531 824 563 est
855 538 1023 565 novum
1055 523 1167 580 ligni
1190 532 1381 566 stratum
1404 538 1540 584 quot-

245 586 371 626 annis
405 599 429 623 a
463 585 674 640 penitiori
708 585 877 625 cortice
919 586 1122 641 genitum
1147 616 1157 634 ‚
1202 594 1246 625 et
1290 589 1539 643 antiquiori

245 644 370 700 ligno
399 643 745 700 superadditum
774 675 784 693 ‚
818 652 870 684 ut
902 659 1007 684 mox
1041 644 1332 686 videbimus.

302 704 345 759 ξ.
386 704 478 744 151.
513 703 630 744 Vasa
664 705 848 760 propria
869 737 878 754 ‚
906 719 1010 744 cum
1036 704 1275 746 vulnerata
1308 704 1537 762 liquorem

241 765 287 803 in
320 764 475 804 eadem
501 796 511 813 ‚
545 778 682 820 quam
714 765 844 804 initio
894 772 1080 815 tenent,
1129 765 1379 807 directione
1426 766 1534 811 fun-

242 823 352 864 dant
375 856 385 873 ‚
419 823 519 865 ideo
554 832 674 864 recta
706 824 913 865 incedere
946 824 1128 865 evidens
1159 833 1226 865 est
1249 858 1258 867 .

301 883 344 938 §.
383 885 475 924 152.
511 883 718 924 Tracheae
751 881 968 924 deficiunt
1000 886 1047 924 in
1078 887 1247 926 cortice
1274 902 1285 935 ;
1319 901 1399 927 nec
1440 895 1534 928 tra-

241 941 457 984 chearum
490 947 693 1001 germina
730 944 794 985 ibi
847 959 952 986 cum
996 943 1248 1002 Malpighio
1295 948 1533 1003 quaerenda

239 1002 296 1043 ad
328 1002 616 1044 formandum
648 1003 898 1046 alburnum
922 1037 934 1056 ‚
966 1019 1072 1047 cum
1102 1008 1238 1047 etiam
1277 1008 1323 1047 in
1369 1007 1531 1049 albur-

239 1077 296 1103 no
331 1064 518 1105 tracheae
551 1062 762 1104 deficiant
783 1097 792 1106 .

774 1182 966 1239 Lignum
989 1217 999 1227 .

299 1300 342 1356 §.
384 1302 478 1343 153.
506 1301 704 1359 Lignum
737 1304 879 1345 robur
912 1302 1072 1360 plantae
1097 1337 1106 1346 .
1140 1298 1195 1346 In¹
1222 1306 1410 1348 caudice
1451 1324 1530 1365 pe-

241 1370 456 1403 rennante
503 1372 680 1403 constat
724 1378 781 1403 ex
829 1363 1054 1414 alburno,
1102 1380 1157 1406 ex
1203 1369 1353 1407 stratis
1404 1370 1526 1409 circa

238 1420 359 1460 idem
386 1430 593 1462 centrum
626 1425 784 1478 positis
834 1439 1047 1464 vasorum
1100 1424 1490 1482 lyinphaticorum
1515 1461 1526 1478 ‚

239 1494 294 1519 ex
329 1481 476 1521 canali
503 1514 512 1531 ,
554 1484 634 1536 qui
666 1482 915 1523 medullam
969 1487 1197 1535 continet,
1230 1502 1284 1526 ex
1329 1487 1533 1529 medulla.

237 1539 428 1580 centrali
449 1573 459 1590 ,
495 1549 538 1581 et
569 1556 623 1581 ex
671 1542 808 1581 radiis
847 1542 1183 1584 medullaribus
1216 1560 1240 1585 a
1271 1554 1426 1587 centro
1473 1548 1530 1588 ad

237 1600 542 1656 peripheriam
576 1603 967 1657 pertingentibus.
1001 1601 1053 1642 In
1090 1604 1280 1645 caudice
1313 1609 1529 1647 annotino

236 1660 485 1701 alburnum
509 1694 520 1710 ‚
559 1670 603 1701 et
639 1669 831 1702 stratum
876 1676 1089 1702 vasorum
1136 1662 1526 1721 lymphaticorum

235 1734 379 1761 unum
417 1729 460 1762 et
490 1721 607 1762 idem
631 1736 799 1778 corpus
826 1724 1141 1773 constituunt,
1176 1725 1300 1780 quod
1333 1726 1525 1768 subinde

236 1794 422 1836 prorsus
455 1784 750 1822 continuatur
771 1814 782 1831 ,
817 1791 860 1822 et
892 1781 1192 1824 confunditur
1237 1799 1343 1826 cum
1390 1794 1528 1827 Strato

234 1855 451 1882 vasorum
484 1840 874 1898 lymphaticorum
901 1845 1084 1884 corticis
1108 1877 1117 1886 .

295 1900 338 1955 §.
378 1902 471 1956 154.
495 1901 754 1943 Alburnum
777 1934 787 1951 ‚
817 1904 1071 1944 substantia
1098 1904 1246 1946 media
1279 1907 1395 1946 inter
1431 1921 1529 1947 cor-

235 1961 370 2002 ticem
391 1993 401 2011 ‚
436 1970 480 2002 et
509 1962 687 2019 lignum
713 1964 949 2019 antiquius
970 1996 980 2014 ‚
1014 1969 1249 2006 externam
1279 1968 1393 2006 sistit·
1416 1966 1528 2024 ligni

235 2024 549 2079 compaginem
574 2055 584 2073 ‚
618 2025 819 2064 crassitie
853 2024 1076 2065 diversam
1110 2027 1155 2066 in
1187 2027 1377 2067 diversis
1430 2043 1528 2083 spe-

234 2081 392 2122 ciebus
416 2115 425 2123 .
459 2083 616 2124 Simile
649 2092 879 2124 structura
901 2092 967 2124 est
1000 2087 1151 2126 stratis
1176 2089 1423 2144 suppositis
1450 2102 1530 2127 va·-

238 2154 393 2182 sorum
420 2141 811 2200 lymphaticorum
830 2176 841 2194 ‚
875 2144 949 2185 sed
972 2144 1067 2186 illis
1092 2146 1281 2188 mollius
1301 2180 1311 2198 ‚
1345 2146 1531 2187 eoloris-

237 2215 326 2255 que
358 2201 593 2244 dilutioris
611 2236 621 2254 ‚
655 2211 736 2244 aut
767 2204 1001 2256 distincti,
1036 2215 1088 2247 ut
1112 2208 1159 2246 in
1179 2207 1330 2248 Ebetzo
1357 2209 1529 2248 contin-

237 2261 334 2314 git3
368 2276 464 2318 quae
496 2263 734 2305 diversitas
763 2267 906 2306 omnis
931 2281 986 2306 ex
1013 2280 1064 2307 eo
1091 2268 1285 2323 pendet,
1319 2267 1441 2323 quod
1465 2266 1529 2307 al-

237 2319 441 2362 burnum
461 2322 520 2363 ad
558 2322 887 2380 perfectionem
920 2341 1050 2368 suam
1091 2327 1242 2369 adhuc
1278 2335 1491 2384 properat
1514 2359 1526 2376 ‚
