1669 2563
323 116 408 167 214

313 217 678 262 Membranaceus
703 252 713 271 ‚
760 229 965 265 extensus
986 254 998 273 ,
1041 222 1267 280 plicatus,
1300 223 1524 265 involutus
1543 256 1553 273 ‚

252 293 278 318 a
310 277 474 320 lamina
508 279 715 331 soli-acea,
750 280 886 338 plana
909 313 920 332 ‚
951 281 1027 325 vel
1059 281 1233 325 flabelli
1279 284 1424 324 instar
1462 282 1553 340 pli-

256 346 358 379 cata
386 370 397 389 ,
429 349 508 382 aut
532 355 557 380 a
589 342 791 398 margine
815 339 981 384 inflexo
1005 375 1016 385 .

310 397 599 455 Marginatus
619 432 630 450 ,
661 415 766 441 cum
797 403 875 442 vix
928 403 1154 460 prominet
1209 399 1356 444 forma
1394 400 1555 452 anuli,

252 466 334 499 aut
363 458 588 501 coronulae
620 461 917 518 integerrima}
935 493 945 504 .

307 517 565 570 Dentatus,
597 534 703 562 cum
734 520 906 563 limbus
935 535 1159 564 coronans
1188 520 1363 572 brevis,
1408 527 1560 564 sectus

255 576 303 618 in
337 577 490 620 dentes
523 610 533 620 .

313 638 509 688 Pilosus,
543 636 692 680 factus
723 638 830 696 pilis
851 640 1082 691 tenuibus,
1104 637 1391 697 simplicibus
1419 669 1431 681 .

315 697 516 739 Sericeus
539 730 550 748 ‚
584 712 688 739 cum
720 698 806 755 pili
836 699 962 751 albi,
987 700 1153 751 nitidi,
1210 698 1337 742 tactu
1389 697 1553 742 molles

252 759 384 798 serici
407 758 548 798 instar
568 788 579 797 .

309 816 476 857 Scaber
498 848 509 866 ‚
545 829 652 856 cum
684 815 768 872 pili
799 817 885 859 sub
936 819 1056 860 vitro
1093 817 1242 860 scabri
1287 823 1509 875 apparent
1536 849 1544 858 .

306 875 537 917 Dentatus
559 906 570 924 ‚
601 889 707 915 cum
740 874 824 931 pili
854 878 1023 918 minuti
1069 877 1387 920 remotiusculi
1430 884 1549 919 stant

247 949 383 991 super
417 933 534 991 pilos
568 935 809 991 primarios
836 966 846 976 .

243 993 483 1035 Plamosus
511 1025 523 1043 ‚
555 1008 661 1034 cum
693 992 779 1050 pili
813 995 1020 1051 primarii
1065 1001 1232 1053 gerunt
1279 992 1399 1037 alios
1430 994 1549 1053 pilos

243 1052 459 1095 laterales
490 1051 807 1110 longiusculos
829 1085 840 1095 .

306 1113 527 1155 Ramoszcs
562 1145 573 1165 ,
617 1127 725 1154 cum
757 1112 840 1171 pili
871 1114 1080 1172 primarii
1125 1112 1369 1157 solvuntur
1396 1114 1445 1155 in
1475 1128 1549 1156 ra-

243 1187 343 1215 mos
375 1174 551 1229 absque
588 1172 746 1214 ordine
774 1205 784 1215 .

304 1233 529 1274 Radiatus
554 1264 565 1283 ‚
598 1241 768 1274 setosus
786 1264 798 1284 ,
829 1247 936 1276 cum
966 1248 1145 1291 pappus
1177 1230 1227 1275 fit
1281 1232 1545 1290 appendici-

243 1292 332 1335 bus
362 1292 608 1343 subulatis,
640 1291 715 1334 vel
740 1290 1038 1336 filiformibus
1066 1326 1078 1345 ,
1101 1292 1446 1344 crassiusculis,
1482 1294 1546 1334 ri-

240 1353 418 1410 gidulis
443 1385 454 1404 ‚
487 1367 675 1395 numero
707 1355 867 1409 paucis
890 1385 903 1404 ‚
952 1368 1068 1411 quas
1125 1368 1366 1394 numerare
1393 1353 1543 1408 juvat,

237 1413 470 1471 aequaliter
493 1413 834 1469 divergentibus
868 1413 926 1455 ab
957 1429 1043 1455 axe
1075 1413 1276 1455 achenae.
1301 1413 1545 1468 Hujusmo-

236 1474 283 1515 di
316 1473 431 1515 radii
464 1473 659 1515 subinde
683 1474 819 1514 initio
851 1472 1089 1525 involuti,
1122 1472 1286 1514 deinde
1332 1474 1540 1514 extensi.

295 1533 540 1590 Stipitatus
564 1566 575 1584 ‚
607 1548 714 1574 cum
769 1532 996 1589 pedicello
1020 1535 1252 1576 communi
1285 1531 1502 1575 suffultus
1528 1562 1539 1572 .

235 1592 355 1635 Huic
386 1595 642 1636 contrarius
672 1594 836 1634 sessilis
856 1624 866 1635 .

299 1654 548 1695 Paleaceus
569 1685 581 1703 ,
611 1654 693 1710 qui
726 1659 904 1694 constat
954 1651 1149 1710 paleolis
1171 1684 1184 1704 ,
1216 1653 1309 1695 sive
1340 1649 1540 1694 lamellis

234 1711 383 1769 planis
421 1745 432 1763 ‚
462 1715 666 1770 angustis
693 1744 705 1763 ,
738 1714 976 1754 scariosis.

294 1773 521 1829 AEqualis‚
556 1773 807 1828 inaequalis,
834 1775 1092 1828 persistens,
1113 1771 1311 1828 diffluas,
1345 1771 1509 1813 nullas.

293 1832 338 1887 §.
373 1833 445 1886 45.
484 1832 744 1874 Polaclzena
764 1864 775 1883 ,
805 1831 1125 1873 Polaclzenium
1145 1831 1363 1873 Richardi
1391 1864 1402 1881 ,
1437 1831 1537 1873 Cre-

236 1895 504 1948 mocarpium
533 1891 738 1933 Mirbelii
764 1923 775 1941 ,
807 1891 1119 1948 Stylopodium
1173 1890 1436 1933 Hoffmanni
1483 1890 1534 1932 fit

230 1951 411 1993 duabus
441 1984 451 2002 ‚
484 1951 556 1993 vel
589 1950 803 2009 pluribus
854 1951 1037 1992 achenis
1081 1953 1159 1992 axi
1191 1953 1455 2002 communi,
1484 1955 1537 1993 si-

232 2025 284 2053 vc
302 2013 608 2068 spermapodio
629 2009 886 2053 Hoffmanni
913 2011 1263 2063 adhaerentibus,
1283 2027 1307 2051 a
1326 2026 1418 2067 quo
1444 2027 1537 2053 ma-

230 2074 425 2113 turitate
476 2073 633 2129 saepius
674 2071 888 2113 secedunt
924 2103 934 2113 .
976 2071 1231 2113 Polachena
1271 2088 1295 2112 a
1346 2086 1537 2114 numero

230 2131 507 2173 achenarum
546 2132 715 2172 dicitur
746 2130 985 2173 Diachena
1004 2165 1015 2182 ,
1048 2132 1320 2183 Τνίασίιεηα,
1363 2133 1538 2174 Penta-

230 2192 401 2233 clzetm.
444 2192 602 2244 Quoad
641 2190 808 2232 formas
841 2206 943 2233 suas
978 2191 1100 2232 ludit

291 2251 514 2303 Linearis„
534 2252 756 2303 subulam,
774 2253 1076 2309 pyramidata‚
1101 2262 1306 2303 rostrata,
1338 2251 1535 2309 globosa,
