1669 2563
1295 137 1374 181 165

206 239 400 295 Infima,
432 255 536 281 cum
567 241 758 281 stamina
787 245 997 280 centrum
1027 238 1149 281 floris
1180 255 1336 284 versus
1366 243 1437 284 in-

147 298 379 341 clinantur
399 332 410 351 ,
441 313 537 356 quae
569 300 760 339 stamina
810 305 968 355 postea
991 331 1002 349 ‚
1057 297 1165 340 flore
1214 302 1399 343 evoluto
1426 333 1439 351 ‚

147 368 193 400 et
237 368 422 416 aperto,
462 357 804 408 extenduntur,
837 360 929 399 imo
967 372 1076 416 saepe
1120 357 1442 403 reflectuntur.

157 417 463 476 Utnbelliferae,
507 416 555 460 U
554 419 671 459 rticae
688 449 698 458 .

246 535 370 594 Quid
394 534 717 595 inflorescentia
743 567 752 577 .
801 534 1089 580 Characteres
1127 537 1356 593 generales

689 595 858 651 floram
884 627 894 636 .

208 713 254 769 ς.
290 714 357 756 18.
387 712 522 756 Ratio
545 713 630 757 illa
659 747 670 765 ‚
703 729 794 772 qua
824 712 957 758 flores
998 714 1162 772 plantae
1201 723 1451 757 annectun-

152 782 242 824 tur,
275 789 301 814 a
331 773 511 816 Linnaeo
559 776 729 817 dicitur
784 775 1105 833 inflorescentia
1128 808 1138 825 ‚
1175 777 1328 817 modas
1363 776 1452 833 flo-

151 835 273 876 rendi
301 834 360 875 ab
390 835 751 878 antecessoribus
779 842 955 877 vocata.
986 834 1144 876 Flores
1175 844 1281 877 sunt

211 893 513 936 Pedanculati
532 927 549 948 ,
578 897 660 953 qui
698 894 960 952 pedunculo
994 894 1175 937 suffulti
1200 928 1210 936 .

213 952 399 995 Sessiles
429 987 440 1005 ,
475 957 560 1013 qui
589 963 746 997 carent
775 954 1042 1012 pedunculo
1069 987 1080 997 .

212 1012 364 1055 Erecti
383 1046 395 1064 ‚
425 1014 545 1057 idest
575 1014 976 1073 perpendiculares
1003 1046 1013 1056 .

214 1071 448 1117 Nutantes
472 1107 483 1125 ‚
514 1077 597 1133 qui
646 1072 824 1117 flaccidi
865 1074 1065 1133 pendent
1094 1089 1151 1116 ex
1195 1076 1326 1132 apice
1374 1088 1456 1131 pe-

154 1131 349 1174 dunculi
378 1166 389 1176 .

215 1193 379 1235 Cernai
400 1225 412 1245 ‚
444 1195 527 1252 qui
572 1193 709 1253 rigidi
758 1195 1061 1237 incurvantur
1104 1196 1152 1234 in
1202 1195 1331 1251 apice
1386 1208 1460 1251 pe-

158 1251 353 1294 dunculi
386 1285 396 1295 .

219 1312 418 1354 Solitarii
446 1345 458 1363 ‚
487 1315 648 1369 gemini
670 1345 687 1366 ,
714 1314 828 1354 terni
853 1346 865 1364 ,
895 1327 1002 1354 cum
1031 1313 1187 1364 unici,
1213 1319 1294 1354 aut
1324 1311 1417 1354 duo
1445 1344 1457 1363 ‚

160 1370 235 1414 vel
267 1379 357 1414 tres
387 1388 444 1414 ex
479 1372 639 1414 eodem
670 1381 842 1431 puncto
871 1374 997 1414 nati.

221 1430 536 1484 Fascicalati,
565 1448 672 1474 cum
704 1431 888 1489 plures,
921 1446 1060 1489 quarn
1112 1440 1204 1474 tres
1229 1465 1242 1484 ,
1273 1447 1333 1474 ex
1383 1445 1465 1473 5ο-

161 1490 265 1532 dem
296 1499 468 1548 puncto
501 1494 615 1543 orti,
642 1491 943 1550 pedunculati
976 1523 986 1533 .

217 1550 424 1608 'Conferti
449 1584 460 1602 ‚
502 1555 738 1608 congesti,
787 1552 1130 1607 conglomerati,
1183 1566 1291 1593 cum
1331 1548 1470 1592 multi

164 1608 300 1652 dense
327 1612 486 1669 stipati
513 1644 525 1663 ,
558 1611 734 1655 sessiles
759 1645 770 1663 ‚
802 1611 877 1653 vel
907 1610 1001 1653 fere
1032 1610 1207 1654 sessiles
1229 1644 1241 1663 ‚
1265 1610 1339 1654 vel
1370 1610 1474 1669 plu-

163 1685 236 1713 rcs
266 1686 322 1712 ex
352 1671 512 1713 eodem
541 1680 713 1731 puncto
744 1674 861 1713 nati.

232 1730 531 1784 Terminales‚
562 1734 644 1790 qui
674 1734 723 1773 in
752 1734 881 1789 apice
912 1729 1061 1774 caulis
1089 1763 1101 1783 ,
1139 1737 1186 1773 et
1216 1745 1471 1781 ramorun13

167 1789 272 1832 hinc
301 1792 510 1835 laterales
533 1825 545 1844 ,
577 1795 660 1850 qui
692 1795 739 1834 in
776 1792 1000 1833 lateribus
1018 1824 1028 1833 .

228 1850 475 1908 Fastigiati
497 1886 509 1904 ‚
556 1854 639 1911 qui
669 1854 736 1894 ita
769 1850 1053 1893 attolluntur
1085 1849 1358 1909 pedunculis
1383 1883 1395 1902 ‚
1423 1858 1478 1893 ut

174 1908 424 1955 altitudine
454 1912 650 1970 aequales
674 1928 868 1970 superne
899 1912 1093 1954 evadant
1120 1943 1130 1953 .

231 1971 431 2027 Sparsi,
463 1974 548 2016 ubi
580 1973 738 2032 plures
768 1975 941 2030 absque
973 1972 1133 2014 ordine
1163 1973 1258 2013 nati
1277 2003 1288 2013 .

231 2031 408 2074 Alterni
431 2065 443 2083 ‚
475 2037 558 2091 qui
589 2034 748 2075 ordine
773 2033 952 2075 alterno
982 2031 1131 2075 veluti
1176 2048 1255 2089 per
1309 2030 1479 2089 gradus

177 2097 297 2132 stant
324 2095 370 2133 in
402 2095 624 2151 oppositis
654 2094 880 2136 lateribus
910 2091 1075 2142 caulis,
1094 2107 1379 2137 ramorumve
1408 2124 1418 2134 .

239 2152 464 2208 Opposffl,
489 2156 572 2211 qui
606 2169 650 2196 se
683 2171 728 2197 se
764 2153 1012 2196 exadverso
1043 2155 1294 2210 respiciunt
1320 2187 1330 2196 .

246 2211 511 2255 Verticillati
533 2248 545 2266 ,
575 2229 682 2255 cum
716 2213 872 2271 plures
912 2216 1023 2257 orbe
1069 2229 1152 2255 suo
1194 2211 1481 2254 circumdant

181 2270 377 2325 caulem,
399 2288 633 2318 ramumve
652 2274 812 2317 annuli
842 2273 991 2317 modo.
1014 2273 1203 2318 Florum
1223 2273 1479 2317 verticillus
