1669 2563
1359 151 1445 208 269

278 246 543 288 Declinatus
570 279 580 295 ‚
613 250 693 303 qui
716 261 947 289 convexus
976 248 1135 291 caelum
1174 266 1332 295 versus
1378 259 1507 312 apice

219 307 362 347 tendit
387 307 443 347 ad
471 315 633 346 terram
660 339 669 347 .

274 365 461 409 qutans
481 398 492 414 ‚
517 367 645 421 apice
675 379 844 406 curvus
869 398 879 407 .

273 425 548 465 Decumbens
574 456 585 472 ‚
617 438 722 464 cum
754 425 879 466 brevi
914 433 1064 468 tractu
1118 427 1215 469 basi
1268 433 1463 488 origitur
1490 468 1502 484 ‚

213 483 374 525 deinde
406 492 530 524 terrae
552 485 784 525 incumbit
807 517 816 526 .

274 542 565 584 Procumbens
593 576 604 593 ‚
637 543 832 594 debilis,
865 551 991 586 terrae
1040 547 1227 588 innixus
1250 579 1260 588 .
1318 549 1505 593 Dicitur

211 605 348 645 etiam
373 612 647 657 prostratus,
677 603 925 660 lzamifasus
948 637 959 655 ,
991 620 1097 646 cum
1132 614 1257 649 totus
1309 611 1510 651 strictis-

211 664 321 702 simo
355 677 486 703 sensu
519 671 643 705 terrae
697 666 910 706 innititur
939 697 951 715 ‚
983 674 1030 707 et
1065 666 1375 725 undequaque
1422 670 1507 711 dif-

212 722 423 763 funditur
442 754 452 765 .

270 781 476 823 Flztitans
494 815 505 832 ‚
537 785 618 839 qui
651 783 801 825 radice
825 782 945 826 fixus
976 786 1023 826 in
1044 783 1157 828 limo
1196 785 1377 845 reliqua
1402 804 1509 845 par-

209 849 252 882 te
283 851 546 898 supernatat
582 845 730 900 aquis,

268 901 457 944 Natans
481 936 493 953 ,
526 905 607 960 qui
640 906 776 946 ctiam
812 904 963 947 radice
994 903 1114 948 liber
1160 913 1286 949 totus
1336 909 1512 949 innatat

212 964 345 1019 aquis
373 995 383 1004 .

267 1022 516 1064 Flexuosus
545 1055 555 1073 ‚
589 1038 614 1064 a
645 1038 821 1081 gemma
852 1023 909 1065 ad
943 1039 1166 1081 gemmam
1191 1025 1380 1069 horsum
1406 1042 1508 1070 vor-

206 1098 305 1123 sum
329 1091 460 1124 actus
482 1115 492 1125 .

268 1141 513 1199 Filg'formis
539 1173 550 1192 ‚
585 1150 694 1185 teres
713 1175 723 1185 .
841 1175 856 1187 a

267 1201 497 1244 Semiteres
513 1234 529 1254 ,
554 1201 658 1244 hinc
691 1202 855 1260 planus
874 1236 885 1256 ,
908 1203 1024 1245 >inde
1055 1219 1290 1247 convexus
1317 1238 1328 1248 .

266 1262 550 1319 Compressas
578 1295 589 1312 ,
619 1263 804 1305 duobus
829 1263 1052 1306 lateribus
1077 1267 1300 1321 oppositis
1333 1265 1480 1323 planis
1497 1301 1505 1310 .

263 1322 457 1379 Anceps,
479 1322 628 1364 medio
657 1339 852 1382 crassus,
875 1324 1057 1382 augulis
1082 1324 1356 1369 lateralibus
1385 1328 1504 1369 duo-

206 1383 296 1423 bus
319 1385 566 1424 attenuatis
590 1415 602 1433 ,
635 1387 785 1424 acutis
805 1416 816 1434 ,
849 1387 966 1426 ensis
996 1387 1136 1426 instar
1162 1418 1172 1427 .

259 1441 532 1498 Angulatas‚
567 1445 782 1498 trigonus,
817 1453 1074 1502 tetragonus
1105 1447 1186 1488 &a
1208 1447 1268 1488 ab
1295 1446 1496 1505 angulis,

200 1513 246 1544 et
286 1517 477 1544 numero
508 1518 668 1544 eorum
693 1536 703 1546 .

263 1562 494 1619 Triqueter
512 1596 523 1614 ,
559 1571 826 1619 tetraqueter
849 1579 876 1605 a
906 1578 1097 1606 numero
1128 1564 1325 1608 laterum
1350 1599 1361 1609 .

259 1622 574 1679 Acutangulus
605 1656 616 1675 ‚
648 1624 972 1680 obtusangulus
998 1656 1008 1666 .

262 1682 539 1727 articulatas
562 1716 573 1734 ‚
606 1685 797 1725 nodosus
824 1716 836 1734 ‚
868 1683 1078 1726 articulis
1102 1684 1367 1742 fragilibus,
1396 1685 1502 1744 plus

197 1743 347 1784 minus
380 1745 747 1800 turgescentibus
767 1776 777 1794 ‚
794 1743 867 1785 vel
891 1745 1019 1786 nodis
1044 1748 1282 1788 tenacibus
1312 1747 1368 1787 ad
1388 1756 1503 1789 stata

196 1803 440 1844 intervalla
470 1804 713 1845 distinctus
731 1835 741 1845 .
773 1804 891 1845 Huic
915 1807 1173 1847 contrarius
1205 1809 1357 1848 enodis
1377 1839 1387 1848 .

251 1862 541 1906 Genicalatas
567 1895 577 1914 ,
608 1861 754 1906 flexus
792 1864 850 1905 ad
902 1864 1125 1907 articulos
1149 1897 1161 1915 ‚
1215 1866 1288 1908 vel
1337 1867 1483 1909 nodos

197 1937 314 1978 genu
350 1925 492 1966 instar
511 1957 521 1967 .

253 1981 420 2026 Nudas
440 2017 451 2035 ‚
492 1984 573 2042 qui
595 1981 721 2025 foliis
745 2015 756 2033 ‚
790 1982 953 2025 fulcris
975 2017 986 2035 ‚
1019 1992 1064 2026 et
1094 1986 1232 2027 armis
1263 1995 1388 2028 caret
1412 2019 1422 2028 .

253 2042 432 2095 Alutus,
465 2046 545 2101 qui
571 2046 760 2085 vestitus
790 2043 877 2086 alis
901 2060 928 2086 a
959 2044 1071 2086 folio
1102 2048 1151 2087 in
1179 2046 1360 2088 caulem
1382 2062 1494 2088 con-

197 2101 373 2143 tinuato
419 2103 638 2161 profectis
665 2136 676 2146 .

253 2160 494 2219 Aphyllus‚
516 2163 642 2206 foliis
672 2164 940 2207 destitutus.
977 2165 1097 2206 Huic
1128 2168 1389 2208 contrarius
1417 2166 1500 2223 fo-

196 2220 349 2271 limus,
384 2223 457 2263 vel
476 2223 699 2279 foliosus.

262 2281 512 2337 Vaginatus
542 2316 553 2334 ,
611 2285 792 2325 cinctus
843 2284 940 2325 basi
990 2282 1208 2326 foliorum
1241 2287 1496 2343 vaginaute,

198 2348 356 2398 aperta
382 2374 392 2383 .
