1669 2563
265 162 349 215 294

267 263 527 320 Spitlzama,
559 276 655 319 quae
678 264 923 319 aequiparat
951 261 1275 305 dimensionem
1306 277 1512 320 compre-

205 324 388 365 hensam
420 327 535 365 inter
567 325 743 380 apicem
784 321 995 379 pollicis,
1030 331 1074 364 et
1105 323 1269 365 indicis
1318 338 1511 374 manus,

206 384 359 441 quoad
391 382 487 425 fieri
519 390 666 440 potest
691 416 702 433 ‚
728 383 1085 423 divaricatorum
1110 415 1119 424 .
1151 383 1249 424 Haec
1281 390 1513 441 computa-

203 451 278 484 tur
311 446 492 485 circiter
526 451 692 499 septem
723 442 945 501 pollicum
967 475 977 492 ,
1010 450 1055 483 et
1086 458 1189 499 pars
1210 476 1221 493 ,
1253 451 1337 484 aut
1382 442 1516 501 plan-

205 511 251 545 ta
284 503 422 559 hujus
455 504 744 545 dimensionis
774 511 964 543 vocatur
989 503 1254 559 spithamoea
1276 534 1286 544 .

265 564 482 605 Dodrans
507 596 517 614 ,
550 577 644 619 quae
681 563 900 604 dimensio
940 562 1343 620 comprehenditur
1396 564 1516 603 inter

203 627 379 681 apicem
402 623 583 681 pollicis
605 656 613 668 ,
637 630 682 663 et
711 623 844 680 digiti
875 625 1049 664 minimi
1080 637 1257 674 manus,
1282 622 1436 680 quoad
1459 621 1514 662 fi-

203 687 270 725 eri
302 692 448 740 potest
478 684 830 724 divaricatorum
855 715 866 732 ‚
899 682 983 723 hoc
1017 690 1084 724 est
1120 685 1302 725 circiter
1348 697 1512 725 novem

204 743 428 802 pollicum
456 761 466 795 ς
504 743 622 784 unde
649 758 753 799 pars
777 775 788 793 ‚
821 751 901 783 aut
933 741 1088 800 planta
1119 744 1395 785 dodrantalis
1426 743 1511 784 ha-

203 806 342 847 betur
366 836 374 845 .

263 864 352 904 Pes
376 896 386 913 ,
419 865 499 919 qui
533 860 821 917 longitudine
854 875 935 902 sua
965 863 1225 905 extenditur
1250 879 1276 904 a
1314 860 1508 904 flexione

203 923 383 971 cubiti,
409 936 555 977 usqne
588 921 643 961 ad
680 920 878 961 radicem
932 921 1113 978 pollicis
1136 955 1148 973 ,
1174 925 1346 980 quique
1383 937 1509 963 com-

206 990 397 1039 putatur
430 980 671 1022 duodecim
702 979 926 1036 pollicum
955 1012 965 1021 .
998 980 1126 1031 Pars,
1159 990 1240 1023 aut
1270 982 1428 1040 planta
1449 983 1507 1024 ab

202 1042 288 1082 hac
321 1042 601 1082 dimensione
634 1039 803 1080 dicitur
829 1041 1014 1095 pedalis
1043 1072 1053 1082 .

265 1101 450 1143 Cubitus
487 1133 497 1151 ‚
544 1101 623 1156 qui
691 1100 953 1141 extenditur
1006 1116 1032 1141 a
1076 1098 1255 1142 flexura
1303 1102 1454 1143 cubiti
1494 1135 1505 1152 ,

203 1177 352 1219 usque
385 1161 440 1201 ad
473 1162 648 1217 apicem
693 1159 825 1217 digiti
871 1159 1011 1201 medii
1066 1176 1228 1202 manus
1282 1169 1504 1211 extensae,

202 1222 320 1263 idest
351 1222 532 1262 circiter
558 1219 713 1261 decem
745 1228 845 1261 octo
878 1219 1103 1278 pollicum
1132 1253 1144 1272 ,
1190 1221 1313 1263 unde
1363 1236 1468 1279 pars
1493 1254 1504 1272 ‚

203 1290 284 1323 aut
316 1281 471 1339 planta
504 1279 711 1321 cubitalis
741 1311 750 1320 .

262 1341 502 1382 Brachium
521 1374 531 1390 ‚
564 1341 688 1398 quod
713 1339 851 1381 habet
875 1338 1214 1397 longitudinem
1245 1341 1304 1383 ab
1363 1339 1508 1382 axilla

199 1402 257 1443 ad
289 1405 465 1459 apicem
496 1401 630 1459 digiti
661 1400 798 1441 medii
830 1416 991 1442 manus
1016 1409 1206 1443 extensae
1227 1434 1238 1452 ,
1273 1403 1369 1443 sive
1415 1403 1507 1442 cir-

199 1465 312 1503 citer
345 1463 544 1503 duorum
577 1461 745 1519 pedum
774 1478 785 1511 ς
811 1460 917 1502 111110
950 1476 1076 1518 pars,
1109 1470 1190 1503 aut
1222 1461 1383 1519 planta
1404 1461 1508 1503 bra-

200 1523 359 1564 chialis
388 1555 396 1563 .

259 1582 443 1640 Orgya‚
475 1581 647 1624 habens
679 1596 777 1622 eam
809 1580 1148 1632 dimensionem,
1181 1595 1277 1639 quae
1308 1584 1507 1623 interce-

201 1643 269 1684 dit
298 1646 415 1684 inter
459 1641 650 1684 brachia
691 1643 851 1682 crucis
896 1641 1031 1682 modo
1057 1675 1068 1692 ,
1122 1650 1352 1699 quantum
1408 1640 1506 1681 fieri

200 1712 349 1760 potest
376 1736 386 1753 ‚
420 1717 618 1760 expansa
645 1735 656 1752 ,
689 1702 805 1743 idest
840 1704 1120 1758 aequiparans
1162 1701 1503 1759 longitudinem

199 1766 404 1820 corporis
439 1763 626 1804 humani
655 1795 665 1812 ,
698 1777 794 1818 quae
827 1770 1124 1818 computatur
1157 1764 1363 1819 quinque
1383 1794 1393 1810 ‚
1423 1769 1505 1801 aut

200 1838 277 1864 sex
309 1823 475 1880 pedum
505 1856 513 1864 .
547 1822 655 1863 Pars
679 1854 689 1872 ‚
721 1829 803 1863 aut
833 1821 989 1880 planta
1025 1822 1163 1877 hujus
1214 1822 1506 1863 dimensionis

200 1892 393 1924 vocatur
419 1883 614 1938 orgyalis
643 1914 651 1923 .

202 1943 357 1984 Tertio
408 1956 620 1983 mensura
667 1940 931 1998 plantarum
996 1942 1132 1996 juxta
1195 1943 1503 1982 recentiorum

201 2002 443 2059 plerosque
476 2000 672 2042 refertur
696 2001 753 2041 ad
780 2015 1039 2042 mensuram
1071 2000 1375 2042 universalem
1398 2034 1409 2051 ,
1444 2001 1502 2041 ab

201 2078 335 2104 arcus
360 2065 584 2103 terrestris
615 2061 762 2118 gradu
788 2061 1090 2117 desumptam,
1124 2069 1169 2102 et
1198 2077 1223 2102 a
1256 2061 1504 2101 mathema-

203 2125 305 2164 ticis
335 2125 382 2163 in
402 2121 555 2163 Gallia
581 2123 672 2177 jam
702 2121 879 2179 pridem
906 2123 1123 2163 sancitam
1144 2155 1154 2172 ,
1188 2122 1324 2177 cujus
1354 2129 1505 2178 partes

203 2185 268 2224 ita
301 2198 343 2223 se
376 2182 573 2224 hahent:

265 2242 582 2291 Millimetros,
631 2255 727 2298 quae
771 2248 946 2282 constat
996 2250 1195 2298 quatuor
1248 2249 1431 2282 centum
1461 2249 1506 2282 et

204 2304 505 2360 quadraginta
542 2302 688 2343 tribus
721 2317 776 2343 ex
798 2300 925 2342 mille
946 2302 1172 2359 partibus,
1204 2304 1251 2343 111
1281 2317 1394 2358 quas
1435 2301 1506 2342 di-

206 2363 378 2404 viditur
413 2362 532 2405 linea
566 2364 731 2404 veteris
761 2376 977 2405 mensurae
1002 2395 1011 2403 .
