1669 2563
1277 126 1354 165 181

136 243 216 271 sua
268 230 460 271 scientiae
510 227 754 269 intulerint
806 226 868 280 (*)
891 257 901 266 .
948 225 1151 267 Locustae
1204 235 1309 268 sunt

195 288 377 330 Sessiles
399 322 410 339 ,
433 288 746 345 pedunculatoe
772 318 783 336 ‚
815 297 982 342 sparsoe
999 318 1010 335 ‚
1043 286 1222 326 altemoe
1241 319 1252 335 ‚
1298 287 1426 328 disti-

136 348 227 389 clzae
253 380 264 398 ‚
297 348 579 389 unilaterales
603 379 615 397 ‚
655 347 854 388 secundae
873 377 883 395 ,
929 344 1135 401 confertae
1161 377 1173 394 ,
1219 356 1391 387 remotae
1418 378 1428 395 ‚

137 417 287 449 erectae
304 439 316 458 ‚
349 415 556 449 nutantes
581 438 592 456 ‚
626 407 844 463 adpressae
868 437 878 454 ‚
911 405 1160 459 glomeratoe
1179 436 1190 452 ,
1217 407 1395 459 patalen
1416 438 1427 454 ‚

135 467 342 524 unifloroe
363 498 375 517 ‚
407 465 578 522 biflorae
598 467 680 508 &a
707 498 719 516 ‚
751 463 1005 520 multiflorae
1033 496 1044 514 ‚
1076 463 1268 520 globosae
1287 495 1297 511 ,
1322 478 1432 504 ova-

137 536 192 569 tae
216 559 227 577 ‚
260 526 517 567 lanceolatae
536 558 547 576 ,
582 527 767 567 lineares
791 558 803 575 ,
835 523 1084 566 umbellatae
1103 556 1114 574 ,
1146 535 1404 578 compressae
1424 555 1439 575 ,

137 587 322 641 turgidae
346 616 357 635 ‚
391 585 632 628 vocabulis
674 586 767 641 jam
797 585 991 641 cognitis
1015 616 1025 625 .

193 645 403 687 Aristatae
436 644 593 700 calyce
619 677 629 696 ,
662 653 743 686 aut
773 642 949 686 corolla
974 676 984 685 .

194 704 385 747 Muticae
415 707 566 747 aristis
596 705 738 747 nullis
761 737 771 746 .

194 764 416 820 Digitatae
437 797 448 817 ,
482 764 639 823 plures
668 765 991 824 approximatae
1021 764 1068 804 in
1098 764 1225 819 apice
1258 758 1436 818 pedun-

134 823 347 865 culorum
366 857 376 866 .

194 883 490 940 Divergentes
516 916 527 934 ‚
560 885 818 926 divaricatae
847 883 966 924 inter
999 897 1044 924 se
1077 896 1122 923 se
1149 914 1159 922 .

197 943 419 987 Coloratae
449 943 542 986 alio
567 944 720 986 colore
745 977 756 994 ,
788 958 927 1000 quam
959 941 1097 984 viridi
1123 973 1133 982 .

199 1003 377 1046 Glabrae
405 1036 417 1054 ‚
449 1003 613 1047 scabroe
639 1036 650 1055 ,
682 1004 850 1046 villosae
881 1017 908 1044 a
937 999 1176 1060 superficie
1196 1032 1206 1041 .

138 1062 308 1105 Gluma
338 1063 549 1119 calycina
568 1097 579 1115 ‚
613 1064 752 1106 habet
781 1062 951 1104 multas
996 1069 1125 1104 notas
1174 1074 1438 1101 communes

138 1138 245 1165 cum
276 1123 482 1175 corolla3
510 1131 725 1184 praeterea
755 1123 928 1164 dicitur

208 1183 420 1239 Uniflora
437 1216 448 1235 ‚
488 1184 649 1241 bzflora
669 1186 754 1225 ὣς.
774 1216 785 1233 ,
814 1180 1063 1238 multiflora
1080 1214 1091 1233 ‚
1125 1181 1297 1235 longior
1313 1211 1324 1229 ‚
1347 1178 1442 1220 bre-

142 1245 235 1286 vior
254 1243 469 1300 flosculis
494 1277 505 1295 ‚
536 1245 713 1300 spicula
737 1276 748 1294 ‚
781 1243 953 1285 corolla
976 1274 985 1284 .

202 1303 499 1346 Involacrata
528 1320 554 1345 a
585 1305 784 1346 bracteis
815 1305 912 1344 sitis
943 1302 1029 1343 sub
1060 1298 1145 1342 illa
1168 1332 1177 1340 .

212 1364 452 1406 Univalvis
476 1396 486 1415 ,
521 1363 874 1422 unispatlzellata
892 1395 903 1412 ‚
937 1361 1119 1404 bivalvis
1143 1392 1155 1410 ‚
1201 1356 1444 1414 hispathel«

143 1424 241 1465 lata
267 1455 278 1473 ‚
310 1425 576 1467 multivalvis
594 1456 605 1475 ‚
641 1422 1046 1480 multispatlzellata
1075 1436 1101 1461 a
1125 1433 1315 1460 numero
1346 1416 1445 1459 val-

143 1497 307 1524 Varum
331 1516 341 1525 .

143 1542 313 1585 Gluma
343 1541 569 1586 corollina
593 1549 660 1584 est

282 1758 336 1801 (*)
358 1755 559 1790 Richardus
580 1755 673 1788 filius
695 1756 731 1789 in
755 1756 848 1789 libro
868 1766 944 1796 suo,
967 1753 1026 1787 cni
1044 1753 1166 1787 titulus
1184 1761 1236 1787 est
1253 1754 1451 1787 Nouveanx

146 1805 290 1837 e'le'mens
316 1805 357 1836 de
383 1805 566 1847 bolanique
592 1807 767 1835 troisieme
788 1803 935 1840 edition,
963 1801 1070 1833 Paris
1091 1804 1171 1833 chez
1201 1801 1330 1832 Bechet
1348 1803 1453 1842 J'eune

152 1851 252 1883 1825.
273 1863 310 1893 p.
333 1850 413 1884 230.
441 1874 449 1890 ‚
472 1849 598 1882 tribuit
622 1849 739 1893 calyci
774 1860 905 1880 nomen
932 1850 1115 1889 lepicinoe,
1141 1847 1313 1879 corollam
1350 1855 1454 1878 vocat

148 1891 302 1940 gldmam
323 1920 331 1935 ‚
353 1896 470 1929 valvas
494 1895 631 1940 calycis
656 1920 663 1935 ,
689 1903 724 1927 et
744 1894 889 1928 corollae
912 1897 1055 1936 paleas,
1083 1894 1263 1931 nectaria,
1291 1901 1324 1924 et
1350 1892 1452 1923 villos

149 1945 371 1985 ιεζίιιηιεὶἰαινι,
394 1942 568 1976 locustam
592 1941 765 1986 integram
792 1942 978 1975 lodiculam
993 1964 1000 1972 .
1022 1939 1228 1971 Palissotius
1248 1940 1344 1982 juxta
1368 1938 1454 1970 Mir-

150 1987 282 2021 belium
307 1988 420 2020 Elem.
443 1989 483 2021 de
505 1991 711 2031 physiolog.
741 1996 855 2032 veget.
879 1995 910 2019 el
942 1988 984 2018 de
1006 1987 1062 2017 bot
1083 2009 1091 2017 .
1115 1986 1234 2025 Paris,
1261 1988 1341 2016 chez
1364 1985 1451 2016 Ma-

152 2037 262 2078 gimel
283 2045 393 2075 prem.
415 2042 515 2076 part.
549 2047 586 2077 ρ.
609 2034 688 2074 276.
713 2034 868 2078 glumam
906 2032 1109 2078 calycinam
1145 2040 1248 2065 vocat
1289 2039 1423 2074 tegmen
1444 2053 1454 2066 ‚

151 2079 325 2113 corollam
349 2083 547 2123 stragulum
569 2105 576 2120 ,
599 2079 756 2124 singulas
782 2080 898 2113 valvas
921 2079 1058 2123 calycis
1091 2081 1231 2123 glumas
1253 2101 1260 2117 ,
1296 2076 1452 2119 singulas

152 2126 269 2158 valvas
299 2126 442 2159 corona>
473 2130 632 2169 polentas
647 2151 655 2166 ,
680 2127 839 2159 nectaria
857 2151 865 2165 ‚
885 2133 920 2156 et
939 2125 1041 2157 villos
1064 2126 1251 2157 lodiculam
1266 2147 1274 2156 .
1294 2123 1452 2155 Desvau-

152 2173 231 2204 xius
255 2183 381 2204 nomen
406 2176 558 2215 glumoe,
585 2181 619 2204 et
651 2176 832 2214 glumelloe
858 2172 992 2216 primus
1018 2172 1142 2204 tribuit
1167 2170 1283 2214 calyci
1302 2192 1311 2205 ,
1335 2176 1370 2200 et
1390 2179 1451 2200 co-

154 2218 275 2257 rollae,
297 2218 476 2263 utriusque
501 2218 617 2253 valvas
640 2218 728 2253 dicit
749 2220 939 2264 sphatellas
960 2242 969 2259 ‚
994 2217 1151 2251 nectaria
1167 2243 1176 2257 ,
1197 2225 1231 2249 et
1252 2215 1351 2248 villos
1373 2226 1451 2257 spa--

156 2267 318 2297 tlzellulas
345 2264 500 2311 appellat
517 2289 525 2298 .
