1669 2563
1409 173 1465 228 43

244 285 444 343 praebent
487 286 534 325 in
578 282 700 323 hisce
746 277 942 337 plantis,
989 284 1146 319 cortex
1174 307 1186 328 ,
1232 283 1278 319 et
1320 275 1528 335 lignum3

246 361 342 403 quae
377 361 446 387 res
476 357 580 384 cum
615 341 786 397 pariter
819 337 1105 380 descendenti
1134 369 1145 386 ,
1177 343 1222 377 et
1273 337 1528 378 ascendenti

246 405 425 446 caudici
459 405 547 444 sint
580 399 860 456 peculiares,
895 407 939 438 et
977 396 1177 438 eamdem
1217 403 1489 436 structuram
1519 427 1529 446 ,

249 465 406 521 paucis
438 461 638 517 exceptiS
658 491 668 509 ,
702 458 985 517 possideant:
1018 457 1119 498 ideo
1153 455 1352 513 primum
1384 455 1437 495 de
1470 454 1530 495 il-

246 524 304 565 lis
336 523 539 563 dicemus
566 551 575 561 .

781 578 944 621 Cortex
970 609 980 619 .

303 699 346 755 §.
386 701 478 753 142.
515 699 622 740 Tria
653 699 699 739 in
730 700 899 739 cortice
931 696 1351 738 animadverterunt
1380 699 1538 733 anato-

245 762 352 801 mici
373 793 383 810 ,
417 761 745 815 epidersnidem,
775 773 870 815 quae
901 759 1100 799 exterior
1119 789 1129 807 ,
1165 755 1412 796 cellularem
1436 752 1539 793 sub-

243 823 459 860 stantiam
493 820 577 860 sub
611 818 888 876 epidermide
914 851 924 869 ‚
959 817 1154 874 denique
1189 816 1359 857 ordines
1410 827 1539 855 vaso-

246 894 340 920 rum
359 912 369 921 .

306 939 349 994 §.
389 941 482 992 143.
517 937 586 979 De
626 945 856 979 structura
901 935 1192 994 epidermidis
1227 936 1333 976 satis
1381 947 1541 989 super-

247 1013 336 1056 que
374 1000 459 1053 jam
495 1000 668 1055 egimus
692 1030 701 1039 .
739 997 829 1038 Vix
861 997 1134 1038 monendum
1169 1002 1400 1052 superest,
1435 992 1542 1049 plu-

246 1074 319 1100 res
353 1058 727 1113 dicotyledoneas
758 1057 966 1115 plantas,
1000 1072 1102 1097 cum
1136 1058 1182 1096 ln
1217 1055 1404 1111 longum
1438 1068 1542 1110 per-

248 1119 415 1160 durent
446 1133 587 1160 aevum
608 1150 618 1168 ,
655 1126 722 1158 tot
754 1119 980 1174 tantisque
1008 1115 1403 1158 vicissitudinibus
1449 1126 1540 1152 esse

247 1179 469 1220 obnoxias
496 1210 506 1227 ‚
541 1186 593 1218 ut
624 1192 778 1218 earum
803 1178 1046 1235 epidermis
1069 1179 1114 1217 in
1137 1176 1424 1217 demortuum
1448 1171 1542 1212 fur-

246 1237 395 1279 furem
422 1271 432 1288 ,
467 1238 842 1293 membranasque
876 1252 984 1294 saepe
1019 1239 1175 1293 saepius
1207 1236 1340 1276 abeat
1362 1265 1372 1284 ,
1406 1240 1450 1273 et
1478 1246 1542 1273 se-

248 1298 379 1339 cedat
404 1329 413 1338 .

307 1357 350 1412 §.
384 1358 476 1409 144.
501 1355 705 1397 Stratum
731 1356 988 1397 substantiae
1010 1354 1245 1396 cellularis
1270 1350 1539 1411 epidermidi

249 1418 535 1473 suppositum
552 1448 562 1466 ‚
592 1415 714 1471 quod
739 1418 1009 1456 involucrmn
1039 1417 1246 1456 cellzclare
1266 1447 1276 1464 ,
1300 1421 1379 1453 aut
1413 1413 1541 1452 corti-

247 1478 342 1516 cale
382 1484 730 1531 nuncupatum,
772 1490 906 1517 succo
951 1475 1195 1529 vegetabili
1242 1473 1345 1530 plus
1390 1473 1541 1512 minus

248 1543 430 1591 turget,
465 1542 509 1575 et
539 1536 749 1574 materies
783 1534 1052 1590 vegetabilis
1086 1537 1132 1574 in
1168 1533 1250 1574 illo
1299 1531 1537 1581 subsidet,

248 1610 344 1652 quae
378 1602 429 1634 ut
461 1593 715 1650 plurimum
748 1595 906 1634 viridis
932 1626 942 1643 ‚
989 1593 1219 1633 interdum
1263 1606 1370 1633 vero
1417 1592 1542 1631 cine-

250 1670 326 1696 rea
351 1686 362 1705 ,
396 1655 593 1705 rubens,
627 1662 706 1694 aut
738 1652 990 1695 lutescens.
1025 1654 1095 1694 Ab
1129 1653 1211 1693 hac
1246 1651 1371 1692 color
1410 1649 1542 1706 plan-

249 1722 329 1764 tae3
365 1714 475 1754 adeo
509 1723 561 1754 ut
594 1722 787 1754 stratum
830 1714 950 1754 istud
992 1712 1302 1769 Malpighiano
1348 1709 1542 1751 reticulo

251 1775 364 1832 quid
393 1773 538 1815 simile
561 1773 725 1815 referat
746 1807 755 1815 .
789 1774 1025 1815 Crassilies
1047 1774 1143 1827 ejus
1168 1774 1293 1813 varia
1311 1804 1322 1822 ‚
1357 1771 1543 1826 insignis

250 1837 298 1876 in
329 1834 519 1876 διώξει-ε.
554 1834 862 1876 Contionatus
895 1835 952 1875 ab
983 1835 1182 1874 externis
1223 1832 1278 1873 ad
1318 1832 1543 1888 penitiora

252 1894 416 1953 plantae
445 1927 454 1936 .
487 1895 611 1936 Dum
642 1894 791 1934 adhue
817 1896 1001 1949 junior,
1025 1892 1262 1936 bulliendo
1295 1893 1341 1932 in
1367 1890 1542 1947 pultem

251 1955 479 1997 mollescit
503 1987 513 2005 ‚
540 1969 635 2011 quae
663 1954 859 1995 friabilis
880 1987 890 2005 ‚
914 1970 1017 1995 cum
1041 1952 1234 2009 frigefiat
1252 1986 1260 1995 .
1292 1952 1438 1993 Succo
1461 1965 1542 1990 nu-

254 2018 388 2056 tricio
415 2015 681 2056 ascendente
701 2047 711 2065 ‚
738 2013 922 2056 facilius
960 2015 1017 2055 ab
1044 2012 1321 2071 epidermide
1361 2026 1544 2068 separa-

253 2083 329 2116 tur
351 2108 360 2117 .
389 2074 543 2116 Solida
566 2089 758 2132 corpora
778 2108 788 2125 ,
815 2084 1082 2116 tesserarum
1110 2073 1255 2115 forma
1275 2106 1285 2124 ,
1313 2088 1408 2130 quae
1433 2070 1545 2111 Mal-

257 2136 442 2193 pighius
468 2137 514 2175 in
540 2135 624 2176 hoc
656 2143 793 2175 strato
819 2135 934 2176 vidit
952 2168 962 2186 ‚
992 2134 1184 2176 fortuita
1214 2141 1317 2175 sunt
1349 2134 1406 2174 ab
1434 2129 1545 2172 effu-

259 2197 380 2237 sione
414 2197 566 2245 succi;
594 2210 690 2252 quae
724 2210 829 2235 cum
853 2196 908 2237 ab
932 2211 1051 2252 aqua
1078 2194 1193 2236 solvi
1220 2202 1474 2250 nequeant,
1510 2191 1545 2229 i-

260 2255 343 2296 deo
389 2255 682 2296 involucrum
728 2254 972 2305 corticale,
1007 2255 1131 2312 quod
1163 2269 1281 2310 aqua
1326 2252 1543 2299 solvitur,

257 2320 303 2354 et
329 2323 609 2367 maceratur,
630 2313 883 2358 nullimode
905 2316 963 2359 ab
986 2314 1079 2358 illis
1100 2313 1423 2374 proficiscitur.
