1669 2563
240 177 295 217 50

179 279 291 337 ligni
321 277 620 320 substantiam
661 276 878 334 reperisse
906 307 917 326 ,
945 289 1035 316 non
1067 271 1300 315 dubitavit
1319 302 1331 320 ,
1355 272 1469 328 quin

180 348 338 381 cortex
369 340 464 396 ipse
494 339 540 378 in
572 337 749 394 lignum
794 337 1052 379 transierit.

240 400 283 454 ξ.
304 398 396 440 168.
413 397 555 455 Atqui
579 396 822 446 Pollinius‚
846 395 1007 437 iisdem
1063 389 1251 434 ericulis
1278 388 1471 448 pluries,

181 467 226 500 et
275 458 540 515 diligentius
591 457 797 514 repetitis
828 488 838 505 ‚
873 471 968 496 rem
1055 455 1120 494 eri
1170 452 1356 492 omnino
1401 465 1475 491 ne-

183 527 276 576 gat,
308 532 599 574 erroremque
630 518 688 559 ab
731 514 925 557 Hamelii
965 514 1288 571 experimentis
1312 523 1476 567 parum

182 586 394 620 accurate
424 578 646 619 institutis
677 584 831 618 ortum
864 574 1003 616 fuisse
1035 574 1316 614 demonstrat
1343 603 1354 612 .
1388 569 1478 611 Sae-

183 655 239 696 pc
262 640 380 680 enim
411 636 488 678 fila
517 644 730 694 argentea
767 638 990 676 corticem
1035 632 1129 674 late
1182 630 1441 672 dilacerant
1465 661 1476 678 ‚

184 697 516 756 pullulansque
568 697 685 738 llber
735 697 855 736 intra
909 691 1229 749 hujuscemodi
1284 688 1480 731 vulnera

184 761 308 799 viam
335 758 421 799 sibi
453 759 613 798 sternit
632 788 643 807 ,
669 754 897 812 efficitque
917 786 927 805 ,
960 760 1015 795 ut
1045 751 1122 794 fila
1173 758 1388 808 argentea
1411 747 1481 789 al-

184 819 335 860 burno
367 818 655 858 obducantur
674 849 686 867 ,
718 830 811 872 quo
843 817 888 855 in
909 828 1016 855 casu
1039 819 1197 854 cortex
1231 813 1277 851 in
1298 809 1480 867 lignum

187 879 416 919 transiisse
446 879 572 918 visus
601 884 668 918 est
712 874 920 917 Hamelio
939 906 952 916 .
983 872 1036 915 Id
1085 886 1193 913 vero
1243 882 1480 926 nunquam

188 939 383 994 contigit
414 968 426 987 ,
465 937 645 993 quoties
682 934 907 976 Pollinius
951 933 1134 974 curavit
1157 962 1168 981 ‚
1214 945 1270 971 ne
1314 928 1482 971 lacera·

192 1000 338 1038 tiones
361 995 521 1037 fierent
545 1027 555 1046 ,
587 993 662 1037 vel
692 994 834 1036 factas
866 991 1065 1034 lamellis
1097 989 1331 1049 plumbeis
1363 995 1483 1029 tuta-

190 1067 265 1099 tus
296 1065 362 1097 est
386 1088 396 1106 ‚
429 1070 526 1113 quae
551 1054 862 1113 pullulantem
884 1052 1134 1095 alburnum
1165 1065 1191 1091 a
1212 1048 1485 1091 vulneribus

189 1117 487 1175 prohiberent
503 1147 514 1157 .

254 1176 297 1230 ᾗ.
337 1175 433 1229 169.
466 1173 681 1216 Halesius
711 1187 884 1215 novum
909 1170 1089 1228 lignum
1119 1185 1144 1210 e
1175 1169 1317 1210 veteri
1358 1166 1486 1225 ligno

193 1244 354 1276 contra
379 1233 704 1291 Malpighium,
732 1242 777 1274 et
800 1233 1029 1274 Grewium
1053 1229 1164 1271 oriri
1185 1228 1382 1269 asseruit
1400 1258 1410 1268 .
1428 1227 1507 1284 At,

190 1294 390 1337 Hamelii
409 1293 618 1351 pericula
638 1292 685 1334 id
709 1291 922 1334 falsitatis
944 1296 1147 1348 arguunt
1164 1320 1175 1340 ,
1197 1286 1330 1329 nullo
1354 1302 1376 1328 e
1405 1300 1489 1343 po-

193 1356 436 1396 suariorum
479 1360 662 1394 caterva
704 1352 993 1394 dissentiente
1021 1382 1030 1392 .
1063 1348 1243 1390 Etenim
1287 1344 1491 1389 Hameli-

192 1430 247 1456 us
296 1416 515 1455 corticem
572 1412 877 1471 quarumdam
931 1411 1151 1452 arborum
1208 1416 1410 1450 recenter
1463 1420 1491 1446 a

193 1475 354 1532 planta
383 1473 595 1515 avulsum
625 1487 747 1514 nunc
779 1472 903 1529 ligno
934 1470 1055 1511 alius
1077 1501 1089 1520 ,
1120 1468 1393 1523 diversaeque
1416 1480 1493 1506 ar·-

192 1536 320 1577 boris
350 1534 600 1590 applicuit,
632 1546 754 1573 nunc
776 1529 963 1572 lamella
982 1527 1234 1577 metallica,
1260 1526 1334 1567 vel
1355 1525 1491 1567 char-

198 1604 245 1635 ta
290 1609 314 1634 a
345 1593 471 1650 ligno
504 1593 758 1649 separavit,
797 1591 1007 1646 viditque
1028 1621 1039 1639 ,
1071 1589 1286 1630 cicatrice
1309 1586 1449 1626 ducta
1478 1617 1489 1635 ‚

197 1654 448 1696 alburnum
498 1666 673 1708 semper
718 1666 773 1692 ex
796 1649 1018 1708 applicito
1043 1649 1230 1698 cortice,
1255 1661 1492 1702 nunquam

199 1731 256 1755 ex
281 1713 404 1770 ligno
432 1712 670 1770 generari,
710 1725 849 1767 quam
894 1709 1083 1767 quidem
1116 1723 1213 1749 rem
1263 1706 1494 1748 Ludotius

199 1775 268 1816 Do
303 1774 448 1828 Troy,
489 1772 695 1828 repetitis
716 1769 950 1828 periculis,
983 1769 1165 1810 omnino
1186 1765 1490 1808 confirmavit.

261 1834 304 1889 ξ.
345 1847 440 1889 170.
476 1831 574 1873 Nec
628 1831 814 1880 obstat,
848 1829 1057 1871 eumdem
1107 1826 1370 1869 Hamelium
1419 1841 1496 1867 ce-

203 1909 306 1936 raso
326 1894 498 1949 juniori
525 1905 701 1933 omnem
727 1892 946 1932 corticem
968 1887 1189 1930 avulsisse
1215 1919 1225 1937 ,
1253 1895 1298 1928 et
1342 1894 1496 1927 tamen

201 1955 345 1996 alium
375 1986 385 2003 ,
417 1966 680 2008 novumque
706 1953 921 1992 corticem
939 1982 949 2000 ,
983 1943 1063 2007 qui
1088 1948 1274 2004 quidem
1298 1954 1496 1988 structu-

203 2031 258 2057 rae
289 2016 436 2054 minus
468 2011 674 2069 perfectae
721 2019 849 2061 erat,
896 2018 1048 2051 ortum
1075 2007 1238 2058 fuisse,
1282 2006 1427 2048 veluti
1459 2009 1496 2047 si

203 2093 227 2118 e
259 2074 382 2127 ligno
408 2071 773 2130 proficisceretur
798 2103 807 2112 .
842 2071 961 2111 Nam
994 2067 1086 2110 alio
1112 2067 1397 2125 diligentiori
1421 2082 1498 2107 ex-

203 2137 458 2194 perimento
485 2165 494 2183 ‚
531 2134 576 2173 in
601 2145 693 2188 quo
726 2146 906 2172 ramum
931 2131 1112 2172 arboris
1145 2132 1318 2170 cortice
1351 2127 1498 2167 denu—

203 2197 365 2237 datum
413 2196 535 2235 intra
585 2194 787 2234 vitreum
830 2204 909 2232 vas
947 2189 1149 2240 clausit,
1197 2188 1495 2238 observavit,

204 2270 374 2297 novum
422 2255 640 2294 corticem
673 2267 696 2293 e
729 2249 943 2293 frustulis
967 2251 1227 2308 superstitis
1271 2249 1459 2291 corticis
1484 2280 1496 2297 ‚

206 2330 298 2359 non
358 2331 381 2357 e
434 2313 560 2372 ligno
620 2310 877 2370 pullulasse
905 2344 917 2363 ,
972 2326 1054 2354 nec
1111 2318 1262 2352 totum
1328 2307 1499 2350 vulnus
