1669 2563
1305 157 1388 198 285

230 267 481 308 Decurrens
500 296 510 313 ,
538 264 632 303 basi
661 276 738 302 sua
768 276 844 317 per
875 259 1055 301 caulem
1081 260 1213 303 lineis
1238 261 1344 319 plus
1372 261 1456 312 mi-

167 343 256 370 nus
284 324 647 383 prominentibus
676 353 685 362 .

228 383 579 442 Amplexicaulis
604 412 615 430 ‚
649 381 746 421 basi
776 378 957 419 caulem
988 379 1264 435 amplectens
1287 413 1297 422 .

228 446 413 487 Erectus
437 474 448 492 ‚
475 450 641 497 patens
665 472 676 490 ,
717 451 950 494 assurgens
969 470 980 488 ‚
1014 449 1264 481 recurvatus
1287 473 1297 482 .

227 503 390 546 Glaber
411 534 422 554 ,
454 499 608 543 scaber
631 532 642 551 ,
671 500 849 557 pilosus
901 498 1062 540 iisdem
1109 502 1229 542 notis
1254 532 1265 549 ,
1298 514 1349 540 ac
1393 498 1465 540 fo-

170 565 287 607 lium
311 595 320 605 .

228 621 561 670 Glandulosus,
594 619 909 676 eglandulosus
931 650 943 670 ,
991 633 1201 677 aspersus
1227 649 1239 668 ‚
1271 615 1347 660 vel
1390 631 1468 658 ca-

170 699 271 726 rens
301 680 536 740 glandulis
562 713 572 722 .

228 743 477 785 Aculeatus
500 774 512 792 ,
544 743 753 798 spinosus
781 771 790 780 .

229 803 483 845 Petiolulas
507 834 518 852 ‚
563 801 761 857 petiolas
807 799 1024 855 partialis
1050 831 1062 850 ‚
1114 813 1221 840 cum
1276 797 1473 841 sustinet

167 863 383 907 foliolum
436 864 483 902 in
529 858 643 902 folio
689 862 976 916 composito.
1009 858 1268 900 Petiolulus
1311 858 1471 899 distin-

167 926 329 983 guitur
362 923 523 964 iisdem
549 921 893 962 characteribus
913 951 925 970 ‚
956 934 1008 961 ac
1040 919 1242 978 petiolus
1265 951 1275 960 .

349 1041 543 1099 Stipuloe
561 1073 572 1084 .
603 1039 804 1096 Stipellae
822 1071 832 1081 .
869 1038 1034 1095 Ligula
1052 1071 1062 1082 .
1088 1037 1263 1082 Ochrea
1282 1072 1292 1082 .

634 1100 997 1158 Hypophyllc‘um
1014 1132 1024 1143 .

237 1223 283 1280 ξ.
324 1223 419 1265 152.
449 1220 638 1279 Stipulae
672 1220 891 1262 dicuntur

241 1284 461 1325 Foliaceoe
491 1298 517 1323 a
547 1291 715 1323 natura
744 1280 845 1321 folii
874 1313 884 1330 ‚
917 1294 1007 1321 non
1038 1278 1183 1321 forma
1201 1312 1212 1322 .

235 1344 587 1386 Membranaceae
611 1375 622 1393 ,
655 1355 752 1399 quae
780 1349 886 1381 sunt
917 1349 1074 1382 tenues
1103 1373 1114 1392 ,
1147 1340 1260 1385 albae
1281 1373 1293 1391 ‚
1326 1338 1478 1398 pellu-

177 1405 287 1446 eidae
314 1438 325 1455 ,
358 1402 535 1445 flexiles
554 1435 563 1444 .
705 1401 708 1405 ’

235 1463 454 1506 Scariosae
478 1496 489 1515 ‚
522 1476 620 1520 quae
665 1468 772 1503 sunt
825 1460 959 1502 aridae
983 1493 995 1513 ,
1047 1469 1294 1519 strepentes
1325 1493 1335 1510 ‚
1385 1459 1480 1501 fere

180 1523 428 1583 pellucidae
448 1556 458 1566 .

239 1584 464 1626 Solitariae
487 1616 499 1635 ,
531 1582 710 1624 adnatae
727 1613 738 1632 ‚
772 1581 855 1623 ubi
890 1580 1061 1638 stipula
1083 1596 1174 1622 una
1196 1588 1263 1622 est
1293 1583 1340 1622 in
1362 1594 1482 1638 quo-

180 1646 249 1687 vis
281 1644 392 1686 folio
414 1677 425 1696 ,
458 1652 503 1686 et
534 1643 659 1684 disco
693 1656 775 1684 suo
807 1639 1006 1698 affigitur
1038 1641 1212 1698 petiolo
1239 1673 1249 1684 .

249 1704 442 1747 Geminae
468 1737 479 1755 ,
513 1704 595 1746 uhi
629 1704 726 1743 duae
756 1701 812 1743 ad
846 1702 991 1744 basim
1023 1701 1125 1743 folii
1149 1733 1160 1743 .

242 1764 403 1808 Nullae
425 1798 436 1815 ,
473 1779 579 1806 cum
612 1761 829 1804 deficiunt
854 1793 864 1803 .

242 1825 446 1868 Caulinae
473 1857 485 1876 ‚
518 1838 615 1881 quae
647 1821 787 1865 affixae
820 1821 971 1864 cauli.

246 1886 496 1928 Peciolares
522 1917 534 1936 ‚
571 1898 668 1941 quae
701 1881 841 1924 affixae
873 1879 1046 1939 petiolo
1074 1913 1084 1932 ‚
1117 1888 1164 1922 et
1193 1879 1316 1921 cauli
1340 1913 1349 1922 .

249 1945 509 1996 Laterales,
546 1947 636 1986 sitae
668 1945 886 1999 utrinque
917 1942 975 1982 ad
1007 1941 1130 1982 latus
1161 1939 1292 1983 folii.

248 2005 592 2062 Extrafoliaoeae
616 2035 632 2058 ,
653 2005 825 2044 insertae
857 2001 976 2044 infra
1008 2001 1174 2043 sollum
1197 2034 1208 2044 .

249 2064 577 2122 Intrafoliaceae
603 2097 615 2116 ,
649 2066 739 2106 sitae
771 2078 910 2121 supra
941 2061 1106 2104 folium
1135 2095 1145 2104 .

249 2124 583 2182 Oppositzfoliae
606 2157 617 2175 ,
650 2133 761 2166 natae
795 2138 818 2165 e
851 2125 1034 2181 regione
1065 2121 1168 2164 folii
1196 2155 1206 2165 .

249 2184 522 2230 Intermediae
547 2218 559 2238 ‚
592 2193 696 2227 ortae
727 2184 830 2226 loco
873 2184 1025 2226 medio
1069 2185 1190 2225 inter
1234 2182 1328 2224 duo
1374 2179 1488 2222 folia

192 2248 401 2303 opposita
422 2278 432 2288 .

252 2307 445 2349 Caducae
468 2337 480 2358 ,
511 2305 705 2349 deciduae
727 2335 739 2355 ‚
763 2305 1053 2362 persistentes
1076 2336 1088 2354 ‚
1121 2310 1174 2345 ut
1203 2301 1314 2344 folia
1338 2334 1348 2345 .
