<?xml version="1.0" encoding="UTF-8"?>
<!DOCTYPE html PUBLIC "-//W3C//DTD XHTML 1.0 Transitional//EN"
    "http://www.w3.org/TR/xhtml1/DTD/xhtml1-transitional.dtd">
<html xmlns="http://www.w3.org/1999/xhtml" xml:lang="en" lang="en">
 <head>
  <title>
</title>
<meta http-equiv="Content-Type" content="text/html;charset=utf-8" />
  <meta name='ocr-system' content='tesseract 3.04.00' />
  <meta name='ocr-capabilities' content='ocr_page ocr_carea ocr_par ocr_line ocrx_word'/>
</head>
<body>
  <div class='ocr_page' id='page_1' title='image "antoniibertoloni00bert_0187.png"; bbox 0 0 1669 2563; ppageno 0'>
   <div class='ocr_carea' id='block_1_1' title="bbox 1310 88 1387 144">
    <p class='ocr_par' dir='ltr' id='par_1_1' title="bbox 1310 88 1387 144">
     <span class='ocr_line' id='line_1_1' title="bbox 1310 88 1387 144; baseline 0 -15"><span class='ocrx_word' id='word_1_1' title='bbox 1310 88 1387 144; x_wconf 75' lang='lat'>175</span> 
     </span>
    </p>
   </div>
   <div class='ocr_carea' id='block_1_2' title="bbox 159 189 1461 2287">
    <p class='ocr_par' dir='ltr' id='par_1_2' title="bbox 165 189 1451 362">
     <span class='ocr_line' id='line_1_2' title="bbox 165 189 1451 256; baseline -0.005 -15"><span class='ocrx_word' id='word_1_2' title='bbox 165 200 299 255; x_wconf 84' lang='lat' dir='ltr'>cujus</span> <span class='ocrx_word' id='word_1_3' title='bbox 323 213 406 256; x_wconf 90' lang='lat' dir='ltr'>ope</span> <span class='ocrx_word' id='word_1_4' title='bbox 436 197 567 240; x_wconf 88' lang='lat' dir='ltr'>flores</span> <span class='ocrx_word' id='word_1_5' title='bbox 596 208 748 238; x_wconf 85' lang='lat' dir='ltr'>omnes</span> <span class='ocrx_word' id='word_1_6' title='bbox 776 192 978 235; x_wconf 81' lang='lat' dir='ltr'>efficiunt</span> <span class='ocrx_word' id='word_1_7' title='bbox 1007 189 1287 250; x_wconf 83' lang='lat' dir='ltr'>superficiem</span> <span class='ocrx_word' id='word_1_8' title='bbox 1308 208 1451 250; x_wconf 83' lang='lat' dir='ltr'>aequa-</span> 
     </span>
     <span class='ocr_line' id='line_1_3' title="bbox 167 253 1445 316; baseline -0.003 -16"><span class='ocrx_word' id='word_1_9' title='bbox 167 260 284 309; x_wconf 86' lang='lat' dir='ltr'>lem,</span> <span class='ocrx_word' id='word_1_10' title='bbox 303 261 393 301; x_wconf 88' lang='lat' dir='ltr'>sive</span> <span class='ocrx_word' id='word_1_11' title='bbox 425 257 625 316; x_wconf 83' lang='lat' dir='ltr'>planam,</span> <span class='ocrx_word' id='word_1_12' title='bbox 657 257 748 297; x_wconf 89' lang='lat' dir='ltr'>sive</span> <span class='ocrx_word' id='word_1_13' title='bbox 778 266 1038 302; x_wconf 87' lang='lat' dir='ltr'>concavam,</span> <span class='ocrx_word' id='word_1_14' title='bbox 1073 253 1163 293; x_wconf 87' lang='lat' dir='ltr'>sive</span> <span class='ocrx_word' id='word_1_15' title='bbox 1183 266 1445 296; x_wconf 80' lang='lat' dir='ltr'>convexam.</span> 
     </span>
     <span class='ocr_line' id='line_1_4' title="bbox 166 317 596 362; baseline -0.012 -1"><span class='ocrx_word' id='word_1_16' title='bbox 166 317 378 362; x_wconf 81' lang='lat' dir='ltr'>Umbella</span> <span class='ocrx_word' id='word_1_17' title='bbox 408 323 596 359; x_wconf 87' lang='lat' dir='ltr'>vocatur</span> 
     </span>
    </p>

    <p class='ocr_par' dir='ltr' id='par_1_3' title="bbox 166 369 1449 485">
     <span class='ocr_line' id='line_1_5' title="bbox 225 369 1449 434; baseline -0.004 -15"><span class='ocrx_word' id='word_1_18' title='bbox 225 378 425 434; x_wconf 78' lang='lat' dir='ltr'>Simplex</span> <span class='ocrx_word' id='word_1_19' title='bbox 447 407 457 426; x_wconf 86' lang='lat'><strong>,</strong></span> <span class='ocrx_word' id='word_1_20' title='bbox 483 389 589 416; x_wconf 88' lang='lat' dir='ltr'>cum</span> <span class='ocrx_word' id='word_1_21' title='bbox 620 372 735 415; x_wconf 88' lang='lat' dir='ltr'>radii</span> <span class='ocrx_word' id='word_1_22' title='bbox 766 371 864 427; x_wconf 88' lang='lat' dir='ltr'>ejus</span> <span class='ocrx_word' id='word_1_23' title='bbox 911 369 1139 427; x_wconf 84' lang='lat' dir='ltr'>simplices</span> <span class='ocrx_word' id='word_1_24' title='bbox 1164 402 1174 420; x_wconf 88' lang='lat'>‚</span> <span class='ocrx_word' id='word_1_25' title='bbox 1226 369 1408 413; x_wconf 88' lang='lat' dir='ltr'>unissori</span> <span class='ocrx_word' id='word_1_26' title='bbox 1439 405 1449 414; x_wconf 88' lang='lat'>.</span> 
     </span>
     <span class='ocr_line' id='line_1_6' title="bbox 166 428 1445 485; baseline -0.004 -7"><span class='ocrx_word' id='word_1_27' title='bbox 166 436 421 478; x_wconf 85' lang='lat' dir='ltr'>Richardus</span> <span class='ocrx_word' id='word_1_28' title='bbox 452 434 564 475; x_wconf 87' lang='lat' dir='ltr'>dicit</span> <span class='ocrx_word' id='word_1_29' title='bbox 593 441 752 475; x_wconf 79' lang='lat' dir='ltr'>sertum</span> <span class='ocrx_word' id='word_1_30' title='bbox 776 463 786 482; x_wconf 88' lang='lat'>‚</span> <span class='ocrx_word' id='word_1_31' title='bbox 819 438 864 473; x_wconf 88' lang='lat' dir='ltr'>et</span> <span class='ocrx_word' id='word_1_32' title='bbox 887 428 1018 472; x_wconf 86' lang='lat' dir='ltr'>flores</span> <span class='ocrx_word' id='word_1_33' title='bbox 1049 431 1147 485; x_wconf 82' lang='lat' dir='ltr'>ejus</span> <span class='ocrx_word' id='word_1_34' title='bbox 1177 431 1411 472; x_wconf 74' lang='lat' dir='ltr'>sertulatos</span> <span class='ocrx_word' id='word_1_35' title='bbox 1435 464 1445 473; x_wconf 87' lang='lat'><strong>.</strong></span> 
     </span>
    </p>

    <p class='ocr_par' dir='ltr' id='par_1_4' title="bbox 165 491 1455 729">
     <span class='ocr_line' id='line_1_7' title="bbox 231 491 1452 551; baseline -0.006 -13"><span class='ocrx_word' id='word_1_36' title='bbox 231 496 484 551; x_wconf 80' lang='lat' dir='ltr'>Composita</span> <span class='ocrx_word' id='word_1_37' title='bbox 509 525 520 544; x_wconf 87' lang='lat'>‚</span> <span class='ocrx_word' id='word_1_38' title='bbox 553 508 658 534; x_wconf 84' lang='lat' dir='ltr'>cum</span> <span class='ocrx_word' id='word_1_39' title='bbox 690 491 806 533; x_wconf 87' lang='lat' dir='ltr'>radii</span> <span class='ocrx_word' id='word_1_40' title='bbox 833 491 935 545; x_wconf 85' lang='lat' dir='ltr'>ejus</span> <span class='ocrx_word' id='word_1_41' title='bbox 964 491 1170 547; x_wconf 86' lang='lat' dir='ltr'>primarii</span> <span class='ocrx_word' id='word_1_42' title='bbox 1199 521 1209 539; x_wconf 91' lang='lat'>‚</span> <span class='ocrx_word' id='word_1_43' title='bbox 1256 491 1347 530; x_wconf 88' lang='lat' dir='ltr'>sive</span> <span class='ocrx_word' id='word_1_44' title='bbox 1379 506 1452 546; x_wconf 88' lang='lat' dir='ltr'>pe·</span> 
     </span>
     <span class='ocr_line' id='line_1_8' title="bbox 167 547 1455 610; baseline -0.005 -14"><span class='ocrx_word' id='word_1_45' title='bbox 167 554 356 596; x_wconf 84' lang='lat' dir='ltr'>dunculi</span> <span class='ocrx_word' id='word_1_46' title='bbox 388 552 603 610; x_wconf 85' lang='lat' dir='ltr'>partiales</span> <span class='ocrx_word' id='word_1_47' title='bbox 632 551 787 594; x_wconf 86' lang='lat' dir='ltr'>ferunt</span> <span class='ocrx_word' id='word_1_48' title='bbox 830 550 967 592; x_wconf 87' lang='lat' dir='ltr'>aliam</span> <span class='ocrx_word' id='word_1_49' title='bbox 1015 547 1267 590; x_wconf 83' lang='lat' dir='ltr'>umbellam</span> <span class='ocrx_word' id='word_1_50' title='bbox 1314 550 1455 590; x_wconf 88' lang='lat' dir='ltr'>mino-</span> 
     </span>
     <span class='ocr_line' id='line_1_9' title="bbox 165 609 1451 670; baseline -0.005 -15"><span class='ocrx_word' id='word_1_51' title='bbox 165 630 259 656; x_wconf 85' lang='lat' dir='ltr'>rem</span> <span class='ocrx_word' id='word_1_52' title='bbox 278 646 288 664; x_wconf 83' lang='lat'><strong>,</strong></span> <span class='ocrx_word' id='word_1_53' title='bbox 320 628 417 670; x_wconf 86' lang='lat' dir='ltr'>quae</span> <span class='ocrx_word' id='word_1_54' title='bbox 447 613 622 654; x_wconf 85' lang='lat' dir='ltr'>dicitur</span> <span class='ocrx_word' id='word_1_55' title='bbox 661 611 897 654; x_wconf 76' lang='lat' dir='ltr'>umbellula</span> <span class='ocrx_word' id='word_1_56' title='bbox 921 643 932 662; x_wconf 88' lang='lat'><strong>,</strong></span> <span class='ocrx_word' id='word_1_57' title='bbox 967 609 1154 652; x_wconf 80' lang='lat' dir='ltr'>umbella</span> <span class='ocrx_word' id='word_1_58' title='bbox 1173 609 1451 660; x_wconf 81' lang='lat' dir='ltr'>secundaria,</span> 
     </span>
     <span class='ocr_line' id='line_1_10' title="bbox 165 673 622 729; baseline -0.004 -14"><span class='ocrx_word' id='word_1_59' title='bbox 165 673 351 715; x_wconf 81' lang='lat' dir='ltr'>umbella</span> <span class='ocrx_word' id='word_1_60' title='bbox 374 673 588 729; x_wconf 80' lang='lat' dir='ltr'>partialis</span> <span class='ocrx_word' id='word_1_61' title='bbox 612 704 622 713; x_wconf 92' lang='lat'><strong>.</strong></span> 
     </span>
    </p>

    <p class='ocr_par' dir='ltr' id='par_1_5' title="bbox 161 730 1456 835">
     <span class='ocr_line' id='line_1_11' title="bbox 229 730 1456 787; baseline -0.006 -11"><span class='ocrx_word' id='word_1_62' title='bbox 229 733 500 776; x_wconf 73' lang='lat' dir='ltr'>Universalis</span> <span class='ocrx_word' id='word_1_63' title='bbox 543 733 602 775; x_wconf 88' lang='lat' dir='ltr'>ab</span> <span class='ocrx_word' id='word_1_64' title='bbox 645 733 701 774; x_wconf 88' lang='lat' dir='ltr'>iis</span> <span class='ocrx_word' id='word_1_65' title='bbox 743 731 987 780; x_wconf 85' lang='lat' dir='ltr'>omnibus,</span> <span class='ocrx_word' id='word_1_66' title='bbox 1037 743 1134 787; x_wconf 88' lang='lat' dir='ltr'>quae</span> <span class='ocrx_word' id='word_1_67' title='bbox 1170 730 1456 771; x_wconf 83' lang='lat' dir='ltr'>constituunt</span> 
     </span>
     <span class='ocr_line' id='line_1_12' title="bbox 161 792 438 835; baseline 0.007 -2"><span class='ocrx_word' id='word_1_68' title='bbox 161 792 409 834; x_wconf 81' lang='lat' dir='ltr'>umbellam</span> <span class='ocrx_word' id='word_1_69' title='bbox 428 825 438 835; x_wconf 89' lang='lat'>.</span> 
     </span>
    </p>

    <p class='ocr_par' dir='ltr' id='par_1_6' title="bbox 164 846 1452 970">
     <span class='ocr_line' id='line_1_13' title="bbox 220 846 1452 910; baseline -0.003 -17"><span class='ocrx_word' id='word_1_70' title='bbox 220 852 508 895; x_wconf 71' lang='lat' dir='ltr'>Involucrata</span> <span class='ocrx_word' id='word_1_71' title='bbox 524 885 536 903; x_wconf 82' lang='grc'>,</span> <span class='ocrx_word' id='word_1_72' title='bbox 569 866 665 910; x_wconf 87' lang='lat' dir='ltr'>quae</span> <span class='ocrx_word' id='word_1_73' title='bbox 690 851 830 894; x_wconf 86' lang='lat' dir='ltr'>habet</span> <span class='ocrx_word' id='word_1_74' title='bbox 858 848 1151 892; x_wconf 86' lang='lat' dir='ltr'>involucrum</span> <span class='ocrx_word' id='word_1_75' title='bbox 1170 846 1452 898; x_wconf 85' lang='lat' dir='ltr'>universale,</span> 
     </span>
     <span class='ocr_line' id='line_1_14' title="bbox 164 909 891 970; baseline -0.003 -16"><span class='ocrx_word' id='word_1_76' title='bbox 164 920 245 955; x_wconf 83' lang='lat' dir='ltr'>aut</span> <span class='ocrx_word' id='word_1_77' title='bbox 275 911 533 954; x_wconf 86' lang='lat' dir='ltr'>universale</span> <span class='ocrx_word' id='word_1_78' title='bbox 552 945 562 963; x_wconf 86' lang='lat'><strong>‚</strong></span> <span class='ocrx_word' id='word_1_79' title='bbox 595 920 641 953; x_wconf 90' lang='lat' dir='ltr'>et</span> <span class='ocrx_word' id='word_1_80' title='bbox 670 909 863 970; x_wconf 83' lang='lat' dir='ltr'>partiale</span> <span class='ocrx_word' id='word_1_81' title='bbox 882 943 891 952; x_wconf 86' lang='lat'><strong>.</strong></span> 
     </span>
    </p>

    <p class='ocr_par' dir='ltr' id='par_1_7' title="bbox 225 967 1308 1029">
     <span class='ocr_line' id='line_1_15' title="bbox 225 967 1308 1029; baseline -0.005 -14"><span class='ocrx_word' id='word_1_82' title='bbox 225 972 372 1016; x_wconf 77' lang='lat' dir='ltr'>Nuda</span> <span class='ocrx_word' id='word_1_83' title='bbox 394 1005 404 1024; x_wconf 88' lang='lat'><strong>,</strong></span> <span class='ocrx_word' id='word_1_84' title='bbox 437 987 533 1029; x_wconf 84' lang='lat' dir='ltr'>quae</span> <span class='ocrx_word' id='word_1_85' title='bbox 563 981 689 1013; x_wconf 86' lang='lat' dir='ltr'>caret</span> <span class='ocrx_word' id='word_1_86' title='bbox 719 983 996 1029; x_wconf 83' lang='lat' dir='ltr'>quocunque</span> <span class='ocrx_word' id='word_1_87' title='bbox 1028 967 1268 1010; x_wconf 86' lang='lat' dir='ltr'>involucro</span> <span class='ocrx_word' id='word_1_88' title='bbox 1299 1001 1308 1010; x_wconf 93' lang='lat'><strong>.</strong></span> 
     </span>
    </p>

    <p class='ocr_par' dir='ltr' id='par_1_8' title="bbox 220 1027 1262 1086">
     <span class='ocr_line' id='line_1_16' title="bbox 220 1027 1262 1086; baseline -0.007 -11"><span class='ocrx_word' id='word_1_89' title='bbox 220 1033 375 1075; x_wconf 80' lang='lat' dir='ltr'>Plana</span> <span class='ocrx_word' id='word_1_90' title='bbox 403 1065 414 1083; x_wconf 89' lang='lat'>‚</span> <span class='ocrx_word' id='word_1_91' title='bbox 448 1046 641 1076; x_wconf 76' lang='lat' dir='ltr'>concava</span> <span class='ocrx_word' id='word_1_92' title='bbox 660 1065 671 1082; x_wconf 86' lang='lat'>‚</span> <span class='ocrx_word' id='word_1_93' title='bbox 704 1045 903 1073; x_wconf 76' lang='lat' dir='ltr'>convexa</span> <span class='ocrx_word' id='word_1_94' title='bbox 933 1045 959 1070; x_wconf 86' lang='lat' dir='ltr'>a</span> <span class='ocrx_word' id='word_1_95' title='bbox 990 1027 1226 1086; x_wconf 85' lang='lat' dir='ltr'>superficie</span> <span class='ocrx_word' id='word_1_96' title='bbox 1253 1060 1262 1069; x_wconf 94' lang='lat'>.</span> 
     </span>
    </p>

    <p class='ocr_par' dir='ltr' id='par_1_9' title="bbox 164 1086 1459 1268">
     <span class='ocr_line' id='line_1_17' title="bbox 229 1086 1455 1148; baseline -0.006 -14"><span class='ocrx_word' id='word_1_97' title='bbox 229 1092 452 1143; x_wconf 80' lang='lat' dir='ltr'>Globosa,</span> <span class='ocrx_word' id='word_1_98' title='bbox 484 1106 590 1134; x_wconf 89' lang='lat' dir='ltr'>cum</span> <span class='ocrx_word' id='word_1_99' title='bbox 622 1090 753 1134; x_wconf 86' lang='lat' dir='ltr'>flores</span> <span class='ocrx_word' id='word_1_100' title='bbox 784 1089 1010 1148; x_wconf 86' lang='lat' dir='ltr'>simplices</span> <span class='ocrx_word' id='word_1_101' title='bbox 1036 1121 1046 1140; x_wconf 85' lang='grc'>,</span> <span class='ocrx_word' id='word_1_102' title='bbox 1080 1086 1353 1146; x_wconf 83' lang='lat' dir='ltr'>pedunculis</span> <span class='ocrx_word' id='word_1_103' title='bbox 1373 1102 1455 1128; x_wconf 87' lang='lat' dir='ltr'>ex-</span> 
     </span>
     <span class='ocr_line' id='line_1_18' title="bbox 164 1146 1459 1206; baseline -0.003 -14"><span class='ocrx_word' id='word_1_104' title='bbox 164 1155 302 1194; x_wconf 80' lang='lat' dir='ltr'>ternis</span> <span class='ocrx_word' id='word_1_105' title='bbox 334 1152 696 1194; x_wconf 84' lang='lat' dir='ltr'>decrescentibus</span> <span class='ocrx_word' id='word_1_106' title='bbox 716 1184 726 1202; x_wconf 85' lang='lat'><strong>,</strong></span> <span class='ocrx_word' id='word_1_107' title='bbox 757 1150 934 1192; x_wconf 81' lang='lat' dir='ltr'>faciunt</span> <span class='ocrx_word' id='word_1_108' title='bbox 964 1146 1245 1206; x_wconf 81' lang='lat' dir='ltr'>superficiem</span> <span class='ocrx_word' id='word_1_109' title='bbox 1276 1147 1459 1206; x_wconf 83' lang='lat' dir='ltr'>sphaeri-</span> 
     </span>
     <span class='ocr_line' id='line_1_19' title="bbox 164 1211 813 1268; baseline 0 -16"><span class='ocrx_word' id='word_1_110' title='bbox 164 1226 263 1253; x_wconf 81' lang='lat' dir='ltr'>carn</span> <span class='ocrx_word' id='word_1_111' title='bbox 283 1244 291 1253; x_wconf 94' lang='lat'><strong>.</strong></span> <span class='ocrx_word' id='word_1_112' title='bbox 324 1211 538 1254; x_wconf 81' lang='lat' dir='ltr'>Proxima</span> <span class='ocrx_word' id='word_1_113' title='bbox 568 1212 779 1268; x_wconf 78' lang='lat' dir='ltr'>Capitulo</span> <span class='ocrx_word' id='word_1_114' title='bbox 804 1244 813 1252; x_wconf 94' lang='lat'><strong>.</strong></span> 
     </span>
    </p>

    <p class='ocr_par' dir='ltr' id='par_1_10' title="bbox 160 1266 1461 1747">
     <span class='ocr_line' id='line_1_20' title="bbox 221 1266 1458 1327; baseline -0.006 -13"><span class='ocrx_word' id='word_1_115' title='bbox 221 1271 311 1313; x_wconf 87' lang='lat' dir='ltr'>Sed</span> <span class='ocrx_word' id='word_1_116' title='bbox 342 1272 477 1314; x_wconf 84' lang='lat' dir='ltr'>datur</span> <span class='ocrx_word' id='word_1_117' title='bbox 509 1279 554 1314; x_wconf 91' lang='lat' dir='ltr'>et</span> <span class='ocrx_word' id='word_1_118' title='bbox 583 1270 771 1313; x_wconf 77' lang='lat' dir='ltr'>ambella</span> <span class='ocrx_word' id='word_1_119' title='bbox 800 1271 956 1327; x_wconf 81' lang='lat' dir='ltr'>spuria</span> <span class='ocrx_word' id='word_1_120' title='bbox 979 1301 990 1320; x_wconf 83' lang='lat'><strong><em>‚</em></strong></span> <span class='ocrx_word' id='word_1_121' title='bbox 1022 1268 1158 1322; x_wconf 87' lang='lat' dir='ltr'>cujus</span> <span class='ocrx_word' id='word_1_122' title='bbox 1210 1266 1328 1308; x_wconf 88' lang='lat' dir='ltr'>radii</span> <span class='ocrx_word' id='word_1_123' title='bbox 1362 1267 1458 1324; x_wconf 88' lang='lat' dir='ltr'>pri-</span> 
     </span>
     <span class='ocr_line' id='line_1_21' title="bbox 163 1326 1452 1383; baseline -0.002 -13"><span class='ocrx_word' id='word_1_124' title='bbox 163 1332 229 1371; x_wconf 88' lang='lat' dir='ltr'>:mi</span> <span class='ocrx_word' id='word_1_125' title='bbox 279 1339 385 1372; x_wconf 89' lang='lat' dir='ltr'>sunt</span> <span class='ocrx_word' id='word_1_126' title='bbox 436 1331 678 1374; x_wconf 86' lang='lat' dir='ltr'>umbellati</span> <span class='ocrx_word' id='word_1_127' title='bbox 707 1364 718 1381; x_wconf 84' lang='lat'>‚</span> <span class='ocrx_word' id='word_1_128' title='bbox 770 1345 931 1372; x_wconf 85' lang='lat' dir='ltr'>verum</span> <span class='ocrx_word' id='word_1_129' title='bbox 983 1335 1139 1369; x_wconf 85' lang='lat' dir='ltr'>carent</span> <span class='ocrx_word' id='word_1_130' title='bbox 1190 1326 1452 1383; x_wconf 82' lang='lat' dir='ltr'>pedunculo</span> 
     </span>
     <span class='ocr_line' id='line_1_22' title="bbox 164 1386 1456 1442; baseline -0.002 -11"><span class='ocrx_word' id='word_1_131' title='bbox 164 1393 397 1433; x_wconf 85' lang='lat' dir='ltr'>communi</span> <span class='ocrx_word' id='word_1_132' title='bbox 425 1424 436 1442; x_wconf 88' lang='lat'>,</span> <span class='ocrx_word' id='word_1_133' title='bbox 468 1390 630 1433; x_wconf 87' lang='lat' dir='ltr'>deinde</span> <span class='ocrx_word' id='word_1_134' title='bbox 661 1389 952 1438; x_wconf 87' lang='lat' dir='ltr'>dividuntur,</span> <span class='ocrx_word' id='word_1_135' title='bbox 984 1395 1066 1429; x_wconf 87' lang='lat' dir='ltr'>aut</span> <span class='ocrx_word' id='word_1_136' title='bbox 1097 1386 1456 1428; x_wconf 71' lang='lat' dir='ltr'>subdividuntur</span> 
     </span>
     <span class='ocr_line' id='line_1_23' title="bbox 160 1447 1454 1507; baseline -0.003 -17"><span class='ocrx_word' id='word_1_137' title='bbox 160 1449 231 1491; x_wconf 88' lang='lat' dir='ltr'>bis</span> <span class='ocrx_word' id='word_1_138' title='bbox 267 1482 278 1500; x_wconf 88' lang='lat'>,</span> <span class='ocrx_word' id='word_1_139' title='bbox 311 1458 378 1491; x_wconf 87' lang='lat' dir='ltr'>ter</span> <span class='ocrx_word' id='word_1_140' title='bbox 404 1482 414 1501; x_wconf 86' lang='lat'><strong><em>,</em></strong></span> <span class='ocrx_word' id='word_1_141' title='bbox 439 1459 521 1492; x_wconf 89' lang='lat' dir='ltr'>aut</span> <span class='ocrx_word' id='word_1_142' title='bbox 551 1457 712 1507; x_wconf 85' lang='lat' dir='ltr'>quater</span> <span class='ocrx_word' id='word_1_143' title='bbox 741 1482 752 1500; x_wconf 82' lang='lat'>‚</span> <span class='ocrx_word' id='word_1_144' title='bbox 805 1463 926 1490; x_wconf 84' lang='lat' dir='ltr'>nuno</span> <span class='ocrx_word' id='word_1_145' title='bbox 975 1447 1296 1495; x_wconf 80' lang='lat' dir='ltr'>dichotomice,</span> <span class='ocrx_word' id='word_1_146' title='bbox 1329 1460 1454 1486; x_wconf 85' lang='lat' dir='ltr'>nuno</span> 
     </span>
     <span class='ocr_line' id='line_1_24' title="bbox 164 1505 1453 1563; baseline -0.004 -13"><span class='ocrx_word' id='word_1_147' title='bbox 164 1512 259 1550; x_wconf 88' lang='lat' dir='ltr'>sine</span> <span class='ocrx_word' id='word_1_148' title='bbox 291 1510 448 1552; x_wconf 88' lang='lat' dir='ltr'>ordine</span> <span class='ocrx_word' id='word_1_149' title='bbox 475 1543 486 1561; x_wconf 86' lang='lat'>‚</span> <span class='ocrx_word' id='word_1_150' title='bbox 520 1508 712 1553; x_wconf 87' lang='lat' dir='ltr'>subinde</span> <span class='ocrx_word' id='word_1_151' title='bbox 762 1510 899 1549; x_wconf 85' lang='lat' dir='ltr'>etiam</span> <span class='ocrx_word' id='word_1_152' title='bbox 944 1505 1171 1563; x_wconf 86' lang='lat' dir='ltr'>simplices</span> <span class='ocrx_word' id='word_1_153' title='bbox 1206 1513 1453 1555; x_wconf 80' lang='lat' dir='ltr'>remanent,</span> 
     </span>
     <span class='ocr_line' id='line_1_25' title="bbox 160 1564 1461 1621; baseline -0.005 -11"><span class='ocrx_word' id='word_1_154' title='bbox 160 1576 205 1610; x_wconf 88' lang='lat' dir='ltr'>et</span> <span class='ocrx_word' id='word_1_155' title='bbox 226 1571 447 1611; x_wconf 84' lang='lat' dir='ltr'>sustinent</span> <span class='ocrx_word' id='word_1_156' title='bbox 477 1567 607 1612; x_wconf 85' lang='lat' dir='ltr'>flores</span> <span class='ocrx_word' id='word_1_157' title='bbox 630 1568 858 1610; x_wconf 84' lang='lat' dir='ltr'>solitarios</span> <span class='ocrx_word' id='word_1_158' title='bbox 879 1564 1246 1616; x_wconf 84' lang='lat' dir='ltr'>involueellatos,</span> <span class='ocrx_word' id='word_1_159' title='bbox 1266 1572 1348 1604; x_wconf 91' lang='lat' dir='ltr'>aut</span> <span class='ocrx_word' id='word_1_160' title='bbox 1368 1566 1461 1621; x_wconf 86' lang='lat' dir='ltr'>spi-</span> 
     </span>
     <span class='ocr_line' id='line_1_26' title="bbox 160 1623 1459 1685; baseline -0.004 -16"><span class='ocrx_word' id='word_1_161' title='bbox 160 1628 290 1670; x_wconf 83' lang='lat' dir='ltr'>culas</span> <span class='ocrx_word' id='word_1_162' title='bbox 336 1629 517 1671; x_wconf 88' lang='lat' dir='ltr'>diversa</span> <span class='ocrx_word' id='word_1_163' title='bbox 565 1632 741 1672; x_wconf 85' lang='lat' dir='ltr'>ratione</span> <span class='ocrx_word' id='word_1_164' title='bbox 789 1634 1055 1685; x_wconf 81' lang='lat' dir='ltr'>congestas.</span> <span class='ocrx_word' id='word_1_165' title='bbox 1095 1626 1212 1667; x_wconf 87' lang='lat' dir='ltr'>Hinc</span> <span class='ocrx_word' id='word_1_166' title='bbox 1251 1623 1459 1666; x_wconf 87' lang='lat' dir='ltr'>umbella</span> 
     </span>
     <span class='ocr_line' id='line_1_27' title="bbox 160 1690 515 1747; baseline 0 -17"><span class='ocrx_word' id='word_1_167' title='bbox 160 1690 316 1747; x_wconf 82' lang='lat' dir='ltr'>spuria</span> <span class='ocrx_word' id='word_1_168' title='bbox 346 1690 515 1730; x_wconf 87' lang='lat' dir='ltr'>dicitur</span> 
     </span>
    </p>

    <p class='ocr_par' dir='ltr' id='par_1_11' title="bbox 159 1744 1461 1969">
     <span class='ocr_line' id='line_1_28' title="bbox 216 1744 1460 1805; baseline -0.005 -16"><span class='ocrx_word' id='word_1_169' title='bbox 216 1748 388 1803; x_wconf 75' lang='lat' dir='ltr'>Bifida,</span> <span class='ocrx_word' id='word_1_170' title='bbox 421 1749 587 1804; x_wconf 80' lang='lat' dir='ltr'>trifida,</span> <span class='ocrx_word' id='word_1_171' title='bbox 624 1748 890 1805; x_wconf 57' lang='lat' dir='ltr'>quadrifida,</span> <span class='ocrx_word' id='word_1_172' title='bbox 925 1744 1212 1803; x_wconf 78' lang='lat' dir='ltr'>quinquefida</span> <span class='ocrx_word' id='word_1_173' title='bbox 1226 1751 1324 1793; x_wconf 62' lang='lat' dir='ltr'>eto„</span> <span class='ocrx_word' id='word_1_174' title='bbox 1348 1744 1460 1784; x_wconf 80' lang='lat' dir='ltr'>mul-</span> 
     </span>
     <span class='ocr_line' id='line_1_29' title="bbox 159 1804 1456 1863; baseline -0.005 -13"><span class='ocrx_word' id='word_1_175' title='bbox 159 1808 287 1863; x_wconf 81' lang='lat' dir='ltr'>tifida</span> <span class='ocrx_word' id='word_1_176' title='bbox 317 1824 343 1850; x_wconf 88' lang='lat' dir='ltr'>a</span> <span class='ocrx_word' id='word_1_177' title='bbox 370 1824 562 1851; x_wconf 88' lang='lat' dir='ltr'>numero</span> <span class='ocrx_word' id='word_1_178' title='bbox 593 1810 826 1851; x_wconf 88' lang='lat' dir='ltr'>radiorum</span> <span class='ocrx_word' id='word_1_179' title='bbox 851 1840 862 1859; x_wconf 84' lang='lat'>‚</span> <span class='ocrx_word' id='word_1_180' title='bbox 895 1815 994 1848; x_wconf 90' lang='lat' dir='ltr'>tum</span> <span class='ocrx_word' id='word_1_181' title='bbox 1025 1807 1083 1848; x_wconf 84' lang='lat' dir='ltr'>ab</span> <span class='ocrx_word' id='word_1_182' title='bbox 1115 1820 1168 1846; x_wconf 86' lang='lat' dir='ltr'>ea</span> <span class='ocrx_word' id='word_1_183' title='bbox 1202 1804 1424 1845; x_wconf 89' lang='lat' dir='ltr'>divisione</span> <span class='ocrx_word' id='word_1_184' title='bbox 1444 1836 1456 1854; x_wconf 92' lang='lat'>‚</span> 
     </span>
     <span class='ocr_line' id='line_1_30' title="bbox 159 1861 1461 1926; baseline -0.004 -17"><span class='ocrx_word' id='word_1_185' title='bbox 159 1876 205 1909; x_wconf 86' lang='lat' dir='ltr'>et</span> <span class='ocrx_word' id='word_1_186' title='bbox 254 1869 561 1912; x_wconf 85' lang='lat' dir='ltr'>subdivisione</span> <span class='ocrx_word' id='word_1_187' title='bbox 609 1884 769 1912; x_wconf 88' lang='lat' dir='ltr'>eorum</span> <span class='ocrx_word' id='word_1_188' title='bbox 793 1902 804 1921; x_wconf 85' lang='lat'>‚</span> <span class='ocrx_word' id='word_1_189' title='bbox 858 1883 955 1926; x_wconf 84' lang='lat' dir='ltr'>quae</span> <span class='ocrx_word' id='word_1_190' title='bbox 1003 1880 1177 1924; x_wconf 85' lang='lat' dir='ltr'>semper</span> <span class='ocrx_word' id='word_1_191' title='bbox 1224 1861 1275 1905; x_wconf 82' lang='lat' dir='ltr'>fit·</span> <span class='ocrx_word' id='word_1_192' title='bbox 1324 1865 1461 1905; x_wconf 82' lang='lat' dir='ltr'>unica</span> 
     </span>
     <span class='ocr_line' id='line_1_31' title="bbox 161 1942 293 1969; baseline 0.008 -1"><span class='ocrx_word' id='word_1_193' title='bbox 161 1942 261 1969; x_wconf 78' lang='lat' dir='ltr'>vioe</span> <span class='ocrx_word' id='word_1_194' title='bbox 282 1960 293 1969; x_wconf 86' lang='lat'><strong>.</strong></span> 
     </span>
    </p>

    <p class='ocr_par' dir='ltr' id='par_1_12' title="bbox 160 1984 1460 2107">
     <span class='ocr_line' id='line_1_32' title="bbox 219 1984 1460 2034; baseline -0.005 -4"><span class='ocrx_word' id='word_1_195' title='bbox 219 1986 491 2031; x_wconf 76' lang='lat' dir='ltr'>Dichotoma</span> <span class='ocrx_word' id='word_1_196' title='bbox 520 2005 547 2032; x_wconf 84' lang='lat' dir='ltr'>a</span> <span class='ocrx_word' id='word_1_197' title='bbox 578 1989 888 2032; x_wconf 87' lang='lat' dir='ltr'>subdivisione</span> <span class='ocrx_word' id='word_1_198' title='bbox 918 1987 1097 2031; x_wconf 84' lang='lat' dir='ltr'>binaria</span> <span class='ocrx_word' id='word_1_199' title='bbox 1118 1984 1351 2028; x_wconf 86' lang='lat' dir='ltr'>radiorum</span> <span class='ocrx_word' id='word_1_200' title='bbox 1370 2015 1381 2034; x_wconf 91' lang='lat'><strong><em>‚</em></strong></span> <span class='ocrx_word' id='word_1_201' title='bbox 1415 1989 1460 2024; x_wconf 88' lang='lat' dir='ltr'>et</span> 
     </span>
     <span class='ocr_line' id='line_1_33' title="bbox 160 2049 843 2107; baseline 0.006 -19"><span class='ocrx_word' id='word_1_202' title='bbox 160 2062 392 2090; x_wconf 88' lang='lat' dir='ltr'>ramorum</span> <span class='ocrx_word' id='word_1_203' title='bbox 422 2049 596 2106; x_wconf 89' lang='lat' dir='ltr'>pluries</span> <span class='ocrx_word' id='word_1_204' title='bbox 621 2052 813 2107; x_wconf 86' lang='lat' dir='ltr'>repetita</span> <span class='ocrx_word' id='word_1_205' title='bbox 833 2082 843 2092; x_wconf 90' lang='lat'><em>.</em></span> 
     </span>
    </p>

    <p class='ocr_par' dir='ltr' id='par_1_13' title="bbox 160 2104 1458 2287">
     <span class='ocr_line' id='line_1_34' title="bbox 219 2104 1458 2164; baseline -0.006 -14"><span class='ocrx_word' id='word_1_206' title='bbox 219 2108 497 2164; x_wconf 87' lang='lat' dir='ltr'>Hujusmodi</span> <span class='ocrx_word' id='word_1_207' title='bbox 537 2117 690 2152; x_wconf 89' lang='lat' dir='ltr'>autem</span> <span class='ocrx_word' id='word_1_208' title='bbox 728 2109 971 2152; x_wconf 86' lang='lat' dir='ltr'>divisiones</span> <span class='ocrx_word' id='word_1_209' title='bbox 999 2140 1011 2158; x_wconf 81' lang='lat'><strong><em>‚</em></strong></span> <span class='ocrx_word' id='word_1_210' title='bbox 1052 2112 1098 2148; x_wconf 88' lang='lat' dir='ltr'>et</span> <span class='ocrx_word' id='word_1_211' title='bbox 1127 2104 1458 2147; x_wconf 86' lang='lat' dir='ltr'>subdivisiones</span> 
     </span>
     <span class='ocr_line' id='line_1_35' title="bbox 160 2161 1457 2228; baseline -0.002 -20"><span class='ocrx_word' id='word_1_212' title='bbox 160 2181 271 2225; x_wconf 86' lang='lat' dir='ltr'>saepe</span> <span class='ocrx_word' id='word_1_213' title='bbox 300 2169 639 2228; x_wconf 80' lang='lat' dir='ltr'>conjunguntur</span> <span class='ocrx_word' id='word_1_214' title='bbox 664 2202 675 2220; x_wconf 87' lang='lat'>‚</span> <span class='ocrx_word' id='word_1_215' title='bbox 708 2178 910 2228; x_wconf 86' lang='lat' dir='ltr'>tuncque</span> <span class='ocrx_word' id='word_1_216' title='bbox 948 2168 1170 2211; x_wconf 86' lang='lat' dir='ltr'>habemus</span> <span class='ocrx_word' id='word_1_217' title='bbox 1208 2161 1457 2207; x_wconf 84' lang='lat' dir='ltr'>umbellam</span> 
     </span>
     <span class='ocr_line' id='line_1_36' title="bbox 160 2229 735 2287; baseline 0.003 -17"><span class='ocrx_word' id='word_1_218' title='bbox 160 2229 360 2286; x_wconf 85' lang='lat' dir='ltr'>spuriam</span> <span class='ocrx_word' id='word_1_219' title='bbox 378 2261 390 2280; x_wconf 86' lang='lat'>‚</span> <span class='ocrx_word' id='word_1_220' title='bbox 420 2244 517 2287; x_wconf 85' lang='lat' dir='ltr'>quae</span> <span class='ocrx_word' id='word_1_221' title='bbox 545 2237 735 2272; x_wconf 83' lang='lat' dir='ltr'>vocatur</span> 
     </span>
    </p>
   </div>
  </div>
 </body>
</html>
