1669 2563
255 129 337 155 222

248 218 461 262 concavae
497 251 506 269 ,
556 220 810 262 ventricosae
838 251 848 269 ‚
904 217 1019 260 idest
1076 230 1285 260 convexae
1341 230 1474 274 super

191 287 369 335 septum
389 312 399 321 .

252 338 658 395 Longitudinaliter
675 339 939 381 dehiscentes
964 371 974 388 ,
1001 337 1178 380 elastice
1197 336 1478 380 dehiscentes.

188 397 572 456 Dissepimentum
597 409 789 441 vocatur

245 458 410 502 Latum
427 492 438 511 ,
471 460 753 502 Ζαεὶιιεοιιῖιινη
782 492 794 510 ,
825 458 950 502 ovale
968 490 979 509 ,
1008 457 1174 500 lineare
1201 489 1213 508 ‚
1258 458 1479 513 angustis-

186 520 340 560 simum
363 551 373 561 .

251 578 296 622 V
293 579 407 620 alvis
431 579 703 635 parallelum
727 611 738 631 ,
771 593 878 620 cum
908 577 1046 620 valvae
1078 575 1220 635 planae
1242 608 1254 619 .

252 638 408 681 Valvis
438 642 705 681 contrarium
729 671 740 691 ,
774 654 880 681 cum
908 637 1048 681 valvae
1077 639 1285 680 carinatae
1311 669 1324 689 ‚
1355 637 1479 679 navi-

182 697 362 739 culares
385 730 396 740 .

184 756 255 798 Ex
286 758 408 798 hisce
441 758 652 799 omnibus
683 756 961 814 intelligitur
988 788 1000 807 ,
1032 755 1238 798 fructum
1285 754 1480 812 siliquo-

182 832 282 858 sum
314 832 407 858 esse
437 831 746 873 compressum
771 849 783 866 ‚
809 831 915 857 cum
944 815 1085 858 valvae
1110 816 1250 873 planae
1269 849 1280 867 ,
1314 824 1359 857 et
1390 815 1479 857 dis-

181 878 484 933 sepimentum
516 874 816 918 latiusculum
846 875 992 917 valvis
1011 875 1305 932 ‘parallelum
1330 908 1341 926 ‚
1381 890 1477 916 esse

180 936 445 992 depressum
463 967 475 985 ,
523 950 633 976 cum
684 935 1057 992 dissepimentum
1105 942 1350 992 angustum
1369 967 1381 985 ‚
1431 942 1478 975 et

182 996 467 1036 contrarium
498 993 644 1036 valvis
673 996 889 1036 carinatis
914 1026 926 1045 ‚
963 1009 1057 1036 esse
1101 1002 1290 1035 teretem
1310 1027 1321 1045 ‚
1370 1009 1480 1036 cum

180 1054 555 1111 dissepimentum
587 1053 758 1096 lineare
783 1087 794 1106 ,
827 1062 872 1095 et
913 1052 1052 1095 valvae
1096 1068 1299 1095 concavae
1325 1085 1336 1103 ‚
1384 1069 1481 1095 esse

179 1113 601 1172 quadrangularem
628 1147 639 1165 ‚
677 1129 784 1155 cum
836 1113 1211 1170 dissepimentum
1265 1112 1440 1154 lineare
1464 1145 1477 1164 ‚

180 1177 464 1215 contrarium
494 1173 641 1216 valvis
690 1174 872 1216 circiter
919 1174 978 1215 ad
1027 1173 1249 1231 angulum
1298 1180 1478 1214 rectum

183 1234 391 1291 plicatis.
418 1235 602 1277 Semina
632 1235 679 1275 in
722 1234 809 1276 hoc
844 1232 1001 1276 fructu
1050 1233 1125 1276 vel
1169 1234 1386 1277 biseriata
1432 1234 1481 1273 in

178 1309 460 1353 unoquoque
493 1293 651 1337 loculo
673 1326 686 1346 ‚
720 1293 795 1337 vel
819 1295 1067 1337 uniseriata
1091 1326 1102 1336 .

698 1413 924 1473 Legumen
950 1446 962 1458 .

233 1534 280 1590 ς.
315 1535 386 1578 58.
419 1534 652 1593 Legumen
702 1534 927 1576 dividitur
981 1535 1030 1574 in
1076 1533 1338 1589 completum
1364 1565 1377 1582 ‚
1430 1539 1477 1573 et

177 1596 512 1651 incompletum.
545 1595 769 1651 Legumen
799 1595 1060 1651 completum
1085 1601 1150 1634 est
1171 1593 1481 1650 pericarpium

175 1655 448 1711 capsulam,
481 1655 666 1697 bivalve
690 1688 702 1706 ,
734 1653 1027 1696 uniloculare
1051 1685 1062 1704 ,
1100 1652 1174 1695 vel
1217 1652 1479 1694 hiloculare

179 1728 206 1755 a
237 1723 396 1757 sutura
428 1714 699 1765 introflexa,
732 1715 996 1765 dehiscens,
1027 1727 1166 1755 nervo
1192 1711 1477 1769 placentario

179 1773 440 1816 seminifero
472 1777 552 1815 uni
579 1783 760 1816 tantum
793 1782 959 1816 suturae
987 1772 1228 1817 valvarum
1252 1771 1447 1813 haerente
1467 1804 1480 1823 ,

180 1832 316 1875 facile
347 1834 607 1891 bipartibili
634 1867 644 1876 .
678 1835 864 1876 Dicitur

236 1893 432 1935 ovatum
449 1927 460 1945 ‚
494 1894 729 1950 oblongum
755 1927 766 1944 ,
800 1894 1123 1950 cylindraceum
1142 1922 1158 1944 ,
1189 1891 1447 1947 triquetrum
1466 1924 1478 1943 ,

176 1962 455 2010 tetragonam
477 1986 488 2005 ,
515 1955 681 2009 gracile
702 1985 714 2004 ,
747 1954 911 1996 lineare
934 1986 946 2005 ‚
994 1965 1285 2008 compressum
1311 1984 1323 2002 ‚
1356 1952 1447 1994 leve
1465 1984 1477 2002 ‚

177 2016 384 2055 striatam
410 2047 421 2065 ‚
456 2028 662 2070 rugosum
685 2047 697 2064 ‚
738 2013 987 2056 echinatum,
1005 2046 1016 2064 ,
1059 2011 1287 2068 glabrum,
1335 2011 1480 2067 pube-

177 2086 302 2115 scens
320 2107 331 2124 ‚
365 2075 563 2117 villosum
581 2107 593 2125 ,
625 2076 830 2117 sericeum
848 2106 859 2124 ‚
893 2075 1094 2116 lanatum
1120 2105 1131 2123 ‚
1165 2079 1476 2122 tomentosum,

179 2142 341 2176 rectam
368 2167 379 2186 ‚
412 2144 642 2178 arcuatam
669 2167 680 2187 ‚
728 2134 896 2178 brevius
920 2166 931 2186 ,
965 2133 1134 2191 aequale
1152 2164 1163 2183 ‚
1195 2132 1370 2188 longius
1400 2146 1480 2174 ca-

179 2195 274 2250 lyce
291 2226 300 2235 .

244 2253 507 2311 Turgc‘dmn,
541 2270 649 2298 cum
674 2255 925 2309 tumidum,
950 2255 1212 2299 membrana
1234 2251 1475 2297 valvarum

177 2329 329 2358 crassa
355 2348 363 2357 .
