1669 2563
216 143 299 183 306

155 247 246 289 velo
276 247 444 288 demum.
474 242 658 287 evanido
690 240 912 284 dehiscens
940 272 950 290 ,
983 240 1322 283 circumscissum
1342 272 1352 290 ,
1385 253 1456 283 ore

153 309 352 349 ciliatum
377 339 387 348 .

214 365 621 422 Longitudinaliter
641 362 799 418 fissum
823 395 833 413 ‚
865 375 972 402 cum
1008 358 1233 403 scinditur
1262 360 1309 402 in
1349 359 1456 403 laei-

153 428 251 469 nias
283 442 362 484 per
394 425 756 483 longitudinem.

211 486 482 537 Stellam,
521 483 675 527 fissum
720 497 797 540 per
851 479 1217 540 longitudinem,
1263 478 1445 532 laciniis

154 546 291 591 stellae
321 549 464 590 instar
496 545 758 603 patentibus
777 575 788 585 .

212 606 329 650 Leve
351 639 362 658 ,
389 607 666 664 pupilloszmz
689 636 700 655 ‚
721 603 966 659 floccosum
998 599 1238 659 superficie
1261 631 1271 641 .

210 667 513 710 Reticulatum
543 665 677 724 plicis
707 663 895 705 elevatis
925 664 972 703 in
1004 660 1242 719 superficie
1272 690 1283 700 .

212 728 262 784 ς.
296 730 397 784 175.
428 726 690 768 Sarcodz’am
718 730 786 765 est
813 737 997 764 cormus
1029 734 1247 763 carnosus
1272 751 1283 769 ‚
1317 722 1453 763 tube-

154 802 284 830 rosus
309 819 320 839 ,
355 795 478 829 totus
503 784 675 827 farctus
694 815 704 833 ‚
736 785 859 824 intus
888 783 1014 826 venis
1057 779 1326 836 fructigeris
1370 794 1452 826 va..

154 849 354 905 riegatus
384 878 393 888 .
423 845 657 888 Delicium
686 842 956 899 gulosorum
980 873 990 883 .
1020 842 1208 884 Dicitur

210 907 412 949 solidam,
433 938 444 957 ,
473 905 602 946 molle
625 935 636 954 ,
669 903 762 943 leve
787 933 798 953 ,
831 914 1104 943 verrucosum
1127 934 1138 954 ‚
1160 903 1407 959 floccosum
1438 936 1450 954 ‚

152 969 383 1010 odoratam
404 997 419 1018 ,
448 965 692 1006 coloratam
717 993 728 1003 .

212 1026 262 1082 ς.
298 1025 399 1081 176.
427 1023 606 1066 Stroma
626 1030 692 1065 est
710 1034 895 1062 cormus
925 1019 1185 1072 ascendens,
1217 1023 1449 1074 minutus,

153 1095 374 1181 stuppeus
396 1117 408 1136 ,
440 1081 686 1142 sphaerulas
716 1084 949 1122 immersas
978 1095 1165 1138 gerens.
1197 1081 1383 1124 Dicitur

212 1146 416 1202 pimplex
435 1177 446 1196 ,
480 1144 713 1187 rotundum
732 1174 744 1193 ,
776 1142 1021 1198 ellipticum
1040 1173 1052 1191 ,
1096 1143 1297 1183 conicum
1320 1174 1332 1193 ‚
1364 1143 1454 1184 cla-

152 1205 370 1263 vaeforme‚
389 1203 733 1260 mammoeforme,
750 1199 1072 1259 punctiforme‚
1098 1201 1453 1258 pustulaeforme,

151 1266 386 1323 oblongum
408 1298 419 1316 ‚
455 1267 741 1308 ventricosum
767 1294 779 1313 ‚
832 1263 1122 1318 cylindriczcm
1146 1294 1158 1313 ,
1203 1263 1453 1319 pedicella-

154 1337 246 1369 tum
264 1360 275 1377 ,
307 1326 454 1368 sessile
473 1358 483 1368 .

209 1387 455 1428 Radiatam
484 1385 686 1442 margine
709 1380 838 1424 fibris
868 1381 1216 1440 divergentibus
1239 1414 1250 1424 .

207 1447 467 1502 Gregarium
491 1477 502 1497 ,
533 1460 642 1487 cum
671 1442 820 1486 multa
854 1449 1072 1485 stromata
1101 1441 1318 1485 distincta
1337 1473 1349 1495 ,
1375 1457 1453 1500 ap-

150 1509 409 1566 proximata
434 1540 443 1549 .

205 1568 442 1624 Confluens
462 1599 474 1619 ,
504 1580 611 1608 cum
640 1563 787 1606 multa
818 1571 1037 1606 stromata
1066 1562 1319 1618 conjuncta
1347 1595 1359 1614 ,
1407 1570 1454 1605 et

146 1626 424 1671 confluentia
453 1658 463 1668 .

203 1687 463 1730 orbiculare
487 1718 500 1737 ‚
544 1683 777 1727 confluens
804 1718 816 1738 ,
850 1697 1104 1741 expansum
1127 1715 1139 1734 ‚
1186 1682 1450 1741 peripheria

145 1748 365 1790 circulari
398 1747 753 1788 determinatum
778 1777 787 1787 .

203 1808 413 1865 Efficszcm
435 1841 445 1859 ,
478 1805 741 1858 confluens,
768 1817 1022 1863 expansum
1054 1804 1149 1846 sine
1181 1801 1328 1844 limite
1373 1802 1449 1843 de-

144 1870 387 1912 terminato
418 1898 429 1909 .

203 1928 455 1984 Rugosum,
476 1927 696 1983 planum,
729 1937 985 1975 convexum,
1016 1924 1311 1980 caespitoszcm,
1338 1936 1445 1980 per-

146 1992 261 2032 tinet
291 1987 350 2029 ad
382 1995 550 2029 stroma
580 1984 812 2027 confluens
835 2015 846 2024 .

202 2048 459 2092 coloratum
487 2048 613 2089 varie
642 2047 690 2088 in
722 2045 860 2085 variis
886 2042 1126 2101 speciebus
1158 2073 1168 2084 .

201 2109 252 2165 ξ.
287 2122 387 2164 177.
417 2105 594 2164 Hypha
619 2113 687 2147 est
716 2118 901 2145 cosmus
939 2100 1255 2144 subfiliformis
1275 2133 1287 2153 ‚
1334 2101 1448 2143 sub-

145 2171 312 2212 stantia
343 2182 426 2208 sua
456 2166 530 2209 vel
562 2179 801 2215 carnosus,
836 2162 911 2206 vel
941 2176 1164 2221 aquosus,
1196 2161 1270 2204 vel
1301 2160 1450 2219 ligno-

144 2245 221 2273 sus
241 2262 252 2280 ‚
277 2229 405 2269 vario
436 2226 572 2269 modo
597 2233 649 2267 ut
681 2224 937 2282 plurimum
967 2220 1162 2264 inflexus
1185 2255 1199 2274 ,
1233 2221 1354 2264 forte
1375 2237 1450 2279 ge-

144 2304 246 2332 rens
277 2284 654 2330 fructificationes
685 2287 732 2327 in
763 2282 1025 2342 superficie,
1047 2297 1145 2342 quae
1167 2290 1320 2326 tamen
1342 2281 1452 2324 huc-

145 2364 292 2399 usque
321 2362 413 2391 non
439 2348 553 2391 bene
585 2353 697 2389 notae
729 2378 738 2388 .
768 2345 953 2388 Dicitur
