1669 2563
260 218 347 260 252.

259 323 557 366 Decurrentes
588 324 634 364 in
659 321 861 364 fulcrum
896 319 1033 378 pilei.

269 384 449 428 Venosae
480 399 506 424 a
533 385 671 425 ramis
694 380 964 424 lateralibus
992 415 1001 423 .

264 444 311 500 §.
348 446 441 486 132.
473 443 621 486 Porus
650 450 717 485 est
747 442 1012 496 hymenium
1044 440 1187 483 forma
1223 442 1323 483 tubi
1355 476 1364 492 ,
1402 444 1495 499 api-

206 518 258 544 ce
291 519 432 561 poro,
465 503 540 545 vel
570 503 662 545 late
694 502 861 544 hiantis
889 534 898 542 .
930 501 1174 560 Congeries
1206 503 1367 543 horum
1427 511 1494 542 tu-

207 563 377 605 borum
408 562 547 606 simul
585 579 664 621 per
705 561 1039 618 longitudinem
1089 563 1360 604 adnatorum
1410 561 1497 602 hae-

210 631 279 664 ret
309 624 366 665 ad
398 621 779 682 perpendiculum
809 620 942 663 faciei
984 621 1188 665 inferiori
1236 622 1360 680 pilei.
1393 621 1496 662 Pori

206 682 425 725 dicuntur

267 743 479 799 AEquales
503 774 514 794 ‚
547 741 787 798 inaequales
808 773 819 791 ,
849 741 1025 784 rotundi
1048 773 1060 792 ‚
1092 740 1299 797 angulati
1320 773 1331 782 .

268 802 435 847 Favosi
456 836 468 855 ‚
520 802 730 844 clatlzrati
777 815 803 841 a
844 798 1147 843 foraminibus
1196 800 1500 859 amplioribus

212 861 368 904 favum
387 896 398 914 ‚
429 861 504 904 vel
534 861 733 903 clathros
767 860 1080 903 imitantibus.

271 921 593 979 Impalpabiles
615 935 642 961 a
672 918 979 962 foraminibus
1019 921 1334 961 minutissimis
1361 952 1373 970 ‚
1406 921 1503 960 vix-

212 996 303 1038 que
334 983 458 1023 nudo
484 979 620 1022 oculo
652 978 1012 1034 distinguendis.

275 1041 320 1096 §.
353 1043 451 1083 133.
483 1039 682 1081 Echinus
713 1045 780 1078 est
808 1037 1075 1092 hymenium
1126 1036 1273 1080 forma
1316 1037 1462 1079 aculei
1495 1071 1506 1085 ‚

217 1101 342 1141 intus
371 1099 543 1142 solidi.
576 1096 850 1153 Hujusmodi
879 1096 1030 1139 aculei
1061 1112 1223 1154 magna
1252 1101 1384 1155 eopia
1409 1097 1506 1139 affi-

215 1167 389 1217 guntur
420 1160 590 1218 paginae
619 1156 826 1199 inferiori
857 1156 994 1215 pilei,
1025 1165 1069 1198 et
1098 1157 1269 1198 ludunt

275 1218 485 1261 Subulati
511 1251 524 1270 ,
556 1218 795 1261 lanceolata·
817 1249 830 1268 ,
861 1220 985 1259 acuti
1007 1249 1019 1268 ‚
1045 1216 1189 1259 obtusi
1213 1249 1225 1268 ‚
1255 1219 1506 1274 compressi,

218 1280 440 1337 simplices
458 1312 469 1330 ‚
504 1280 631 1321 divisi
647 1310 658 1319 .

275 1339 320 1395 ᾗ.
357 1341 454 1394 134.
486 1339 678 1395 Papilla
709 1343 778 1378 est
807 1336 1073 1392 hymenium
1119 1334 1295 1378 factum
1349 1344 1510 1393 protu-

214 1400 425 1442 berantia
453 1398 586 1441 valde
619 1398 798 1441 minuta
820 1428 830 1438 .
863 1397 1111 1455 Congeries
1140 1399 1407 1438 continuata
1436 1396 1512 1436 ha-

217 1475 323 1500 rum
352 1458 632 1519 papillarum
681 1459 796 1515 tegit
844 1464 990 1499 totam
1035 1456 1199 1500 faeiem
1250 1455 1511 1498 inferiorem

218 1519 361 1577 pilei.

750 1635 947 1695 Gongyli
968 1669 979 1680 .

281 1758 326 1814 ς.
355 1759 450 1801 135.
473 1758 699 1816 Gongyh',
730 1756 886 1814 Sporae
905 1757 1145 1815 Hedwigii‚
1170 1755 1350 1798 Semina
1380 1753 1514 1797 Will-

224 1819 416 1860 denowii
444 1851 455 1869 ,
487 1818 644 1877 Sporoe
671 1852 682 1869 ,
714 1826 795 1859 aut
817 1817 1031 1875 Sporidia
1060 1816 1239 1860 Linckii
1270 1817 1329 1858 ob
1365 1817 1515 1855 tenui-

224 1887 363 1920 tatem
395 1894 523 1920 suam
553 1879 834 1921 characteres
864 1893 954 1920 non
984 1878 1279 1936 suppeditant
1324 1890 1406 1933 pro
1437 1875 1516 1915 de-

226 1941 546 1981 terminatione
578 1938 839 1997 plantarum
887 1947 1289 1996 cryptogamarum
1311 1967 1323 1978 .
1358 1935 1408 1976 In
1439 1951 1517 1992 ge-

225 2014 331 2040 nere
363 1998 579 2040 dicuntur

285 2058 601 2115 Acotyleclonei
628 2092 638 2108 ,
681 2060 792 2115 quia
833 2065 1037 2101 carentes
1083 2055 1356 2113 cotyledone
1407 2073 1515 2099 vcro

227 2118 620 2176 phaenogamarum
655 2118 914 2175 plantarum
937 2151 946 2160 .

289 2179 586 2235 Fulgarcmtes
613 2211 624 2230 ‚
658 2181 738 2236 qui
769 2179 825 2221 ad
858 2177 1083 2222 flammam
1114 2178 1308 2223 candelae
1366 2181 1519 2219 iucen-

230 2238 402 2282 duntur
429 2272 438 2281 .
