1669 2563
1369 187 1424 230 29

174 282 466 333 cryptogmas
517 272 696 329 plantas
745 274 1001 329 pertineant
1044 289 1055 320 ;
1109 288 1165 314 an
1230 278 1369 332 igitur
1428 294 1483 319 ex

174 336 457 393 antiquiori,
489 341 535 372 et
565 333 787 372 indirecta
830 335 1119 388 generatione
1176 333 1309 375 efficti
1336 342 1351 378 ἴ
1393 338 1487 378 Ho..

176 411 279 436 rum
311 395 390 435 alii
418 425 430 443 ,
476 406 582 433 cum
612 395 920 433 maturuerint
947 424 958 441 ‚
994 391 1212 433 decidunt
1237 410 1261 434 a
1284 405 1485 451 parente,

175 470 282 496 mox
303 452 477 511 prolem
497 467 660 494 novam
688 451 839 493 daturi
864 485 875 502 ‚
898 451 978 492 alii
1007 454 1263 508 germinant
1292 460 1486 497 connexi

174 530 279 556 cum
309 520 451 554 matre
474 544 487 563 ‚
518 527 545 554 a
575 527 668 571 qua
709 512 893 554 demum
914 513 1220 570 sejunguntur
1240 545 1250 555 .

725 632 922 689 Gongyli
935 663 944 673 .

235 753 280 809 ς.
316 754 413 795 103.
446 751 764 810 Gongylorum
795 753 863 807 (Ι)
895 752 1075 793 nomine
1106 754 1298 794 veniunt
1324 769 1489 810 corpu-

181 813 310 855 scula
341 812 630 870 plantigera,
664 815 853 854 minima
882 845 892 863 ‚
926 812 1157 854 interdum
1192 817 1339 871 specie
1386 814 1485 870 pul-

174 876 296 916 veris
329 875 600 930 ignescentis
624 905 635 923 ,
670 875 835 930 passim
868 887 1039 930 opaca,
1073 875 1210 915 etiam
1244 875 1330 915 suh
1356 877 1486 916 vitris

176 933 466 992 praevalidis;
499 949 595 990 quae
627 948 732 975 cum
763 935 1081 975 macerationis
1116 949 1198 991 ope
1219 966 1228 983 ‚
1253 934 1326 974 vel
1354 950 1490 991 spon-

175 1003 220 1035 te
252 1010 334 1035 sua
360 992 597 1051 pellucida
632 994 826 1036 subinde
855 1001 1130 1044 occurrant,
1166 996 1268 1036 idco
1304 1010 1394 1035 non
1419 998 1488 1036 vi·-

176 1055 342 1095 dentur
374 1069 466 1095 esse
496 1055 698 1111 germina
720 1055 858 1105 nuda,
891 1062 945 1095 ut
970 1062 1103 1111 putat
1128 1054 1486 1113 Erlienbergius.

174 1113 376 1156 Ponitior
435 1129 596 1156 eorum
650 1122 885 1156 structura
940 1113 1059 1155 nulli
1107 1115 1350 1171 hucusque
1408 1131 1490 1171 pa-

177 1176 293 1225 tuit3
316 1173 393 1216 sed
418 1182 543 1216 terrae
566 1176 805 1217 commissa
830 1177 1024 1232 speciem
1040 1183 1272 1217 renovant.
1298 1175 1489 1232 Propria

180 1243 287 1275 sunt
317 1234 507 1276 illarum
539 1234 802 1291 plantarum
832 1268 842 1286 ,
876 1237 923 1276 in
974 1236 1146 1291 quibus
1194 1251 1361 1292 organa
1412 1251 1490 1292 ge·-

182 1294 345 1335 nitalia
375 1302 457 1335 aut
488 1294 636 1345 nulla,
663 1302 745 1334 aut
777 1297 906 1351 siqua
934 1303 1056 1344 sunt,
1090 1311 1115 1336 a
1146 1298 1374 1337 consuetis
1401 1295 1491 1336 for-

179 1356 268 1396 mis
299 1353 532 1396 abludunt
554 1387 565 1405 ,
600 1362 644 1394 et
676 1353 823 1396 oculis
848 1357 1012 1396 nostris
1045 1370 1088 1395 se
1123 1370 1166 1395 se
1201 1356 1484 1398 subducunt.

181 1414 308 1455 Anne
357 1416 499 1471 igitur
531 1413 719 1470 gongyli
750 1414 966 1456 bulbillis
998 1415 1333 1457 similes?Sunt
1357 1448 1368 1466 ,
1405 1418 1486 1472 qui

183 1482 345 1531 putent
369 1506 379 1514 .
412 1473 726 1514 Germinantes
748 1474 1021 1528 cotyledone
1059 1478 1217 1515 stricto
1254 1490 1386 1516 sensu
1419 1492 1491 1517 ca-

184 1542 312 1583 rent3
345 1533 447 1574 ideo
481 1532 667 1590 plantae,
700 1533 757 1574 ad
788 1548 904 1590 quas
937 1537 1165 1590 pertinent
1187 1566 1198 1585 ,
1240 1536 1490 1591 acotyledo-

183 1609 273 1636 neae
305 1593 433 1635 dictae
460 1626 470 1635 .

247 1655 292 1710 §.
330 1657 427 1706 104.
459 1652 718 1695 Richardus
742 1659 902 1710 negat,
922 1666 1104 1709 germen
1121 1669 1212 1695 esse
1246 1656 1288 1693 in
1315 1669 1491 1712 gongy-

181 1712 307 1765 10‚et
336 1713 513 1770 plantas
537 1712 848 1771 gongyliferas
865 1716 958 1753 sine
977 1713 1205 1769 embryone
1236 1715 1489 1771 [itzembrzo-

185 1775 324 1832 ηὲεε]
361 1782 493 1816 vocat
525 1806 535 1815 .
575 1773 692 1815 Vult
737 1781 949 1830 praeterea
994 1776 1146 1830 ipsum
1195 1774 1448 1832 gongylum
1477 1807 1488 1825 ‚

185 1850 323 1892 quem
353 1835 545 1890 sporalae
575 1837 756 1876 nomine
788 1834 993 1890 designat
1022 1865 1032 1884 ,
1066 1835 1113 1874 in
1163 1850 1326 1876 novam
1365 1835 1492 1892 plan-

186 1903 280 1937 tam
309 1897 496 1946 mutari,
526 1895 639 1937 adeo
671 1902 723 1936 ut
740 1909 1016 1951 quocunque
1034 1903 1204 1950 puncto
1224 1894 1482 1952 superficiei

237 2097 288 2138 (ι)
315 2095 405 2128 Cum
433 2094 620 2139 pluribus,
648 2094 865 2139 diversisque
892 2092 1095 2125 nominibus
1117 2105 1277 2138 organon
1321 2095 1492 2132 seminale

190 2140 391 2186 plantarum
413 2150 725 2187 cryptognmarum
764 2152 781 2173 a
826 2140 1085 2173 recentioribus
1131 2143 1309 2175 indicetur
1331 2167 1338 2181 ‚
1384 2154 1491 2174 unum

192 2189 337 2234 gongyli
362 2188 572 2220 vocabulum
600 2187 743 2233 reliquis
764 2186 913 2232 praefero
933 2186 1013 2220 huic
1036 2186 1220 2231 Raspaillii
1237 2190 1417 2222 sentenciae
1442 2190 1494 2220 in-

193 2235 322 2266 nixusz
351 2259 372 2274 ‚,
397 2234 429 2266 O
457 2233 672 2267 botanistes!
700 2234 733 2267 la
757 2235 899 2267 seleuce
921 2244 940 2266 a
973 2241 1054 2266 cent
1086 2232 1153 2265 fois
1191 2234 1268 2278 plus
1291 2235 1332 2266 de
1375 2243 1488 2275 mots,

197 2302 221 2320 „
241 2291 306 2324 que
330 2280 373 2313 de
397 2279 541 2319 choses,
564 2291 608 2312 ne
629 2279 861 2325 cre'ons‘plus
882 2278 925 2312 de
951 2288 1041 2312 mois
1068 2303 1075 2319 ‚
1098 2279 1298 2314 cheu-choos
1321 2280 1363 2312 de
1401 2291 1492 2311 nou-

197 2349 221 2367 „
246 2337 356 2359 veaux
377 2325 457 2359 faits
483 2326 635 2369 „Annal
655 2349 666 2359 .
686 2328 746 2360 des
770 2331 901 2360 m‘enc.
922 2333 995 2360 nae.
1020 2334 1104 2360 tom.
1124 2326 1159 2360 5.
1178 2340 1216 2370 p.
1243 2329 1324 2370 239.
