1669 2563
243 163 328 219 276

244 266 511 309 Rotundata
538 296 548 315 ,
575 262 757 321 angulis
788 262 899 305 orba
924 295 933 311 ‚
969 259 1229 319 peripheria
1259 273 1401 300 curva
1428 291 1435 299 .

247 326 526 368 Lanceolata
545 341 562 376 ¹,
596 324 795 382 oblonga
822 357 833 374 ‚
878 332 923 364 et
977 331 1172 378 utraque
1203 321 1488 361 extremitate

190 395 426 431 attenuata
447 418 458 429 .

248 447 461 488 Linearia
484 478 496 497 ‚
541 451 733 502 angusta
761 476 773 495 ‚
806 450 851 484 et
883 441 977 484 fere
1010 439 1197 498 aequalis
1231 437 1493 480 latitudinis

189 508 249 550 ab
278 509 370 548 imo
402 507 459 548 ad
490 520 719 547 summum
739 536 750 555 ,
782 504 884 545 ideo
914 502 1059 543 latera
1089 514 1249 542 eorum
1281 507 1429 540 reeta.

250 567 467 617 Acerosa,
494 565 684 606 linearia
710 597 720 615 ,
752 562 1059 605 crassiuseula
1084 594 1095 612 ‚
1129 561 1434 618 persistentia.

254 626 533 684 Filz'formia,
566 626 822 682 capillaria,
855 633 1029 665 setacea
1061 637 1086 663 a
1120 622 1346 662 tenuitate
1375 651 1386 669 ‚
1419 615 1500 657 fle-

191 687 423 731 xibilitate
447 719 456 728 .
489 685 747 728 Filiformia
767 717 778 736 ‚
824 692 870 725 et
902 682 1145 741 capillaria
1177 687 1285 722 sunt
1317 679 1498 736 longio-

193 764 244 790 ra
271 748 458 789 setaeeis
477 777 488 789 .
1190 789 1193 795 Ι

256 806 505 863 Aciformia
530 837 541 856 ,
575 805 732 845 tenuia
760 835 770 854 ,
801 805 964 844 teretia
983 834 994 852 ,
1027 801 1278 859 pungentia
1296 831 1307 841 .

258 866 483 909 subulam
508 897 518 915 ‚
553 865 715 905 teretia
738 895 749 913 ‚
782 861 1085 904 erassiuscula
1110 893 1121 911 ‚
1156 874 1353 917 superne
1406 871 1502 898 sen-

198 929 282 969 sim
323 927 578 980 sensimque
623 930 858 964 attenuata
882 953 892 963 .
923 921 1128 964 Subinde
1172 920 1347 962 inferne
1398 924 1505 960 sunt

198 1003 256 1028 ex
290 987 421 1027 tereti
452 997 710 1040 compressa
735 1013 745 1024 .

257 1045 444 1100 Integra
472 1076 482 1094 ,
519 1042 713 1084 indivisa
739 1073 752 1092 ,
784 1048 829 1083 et
861 1041 983 1082 omni
1009 1042 1111 1081 sinu
1143 1039 1365 1080 destituta
1389 1069 1400 1079 .

257 1105 516 1161 Angulosa,
543 1101 864 1158 triangularia,
895 1097 1332 1157 quinqueangularia
1353 1097 1435 1138 &a
1450 1128 1461 1148 ‚
1484 1110 1511 1136 a

199 1166 432 1225 praesentia
461 1196 472 1215 ‚
504 1171 550 1205 et
580 1175 771 1204 numero
805 1160 1081 1219 angulorum
1111 1191 1122 1201 .

258 1225 502 1268 Deltoidea
520 1256 532 1274 ,
558 1221 879 1280 quadrangula
905 1253 917 1272 ‚
953 1229 998 1263 et
1029 1217 1350 1277 quadrilatera
1373 1249 1385 1267 ‚
1432 1231 1514 1257 an-

202 1286 330 1345 gulis
363 1282 638 1327 lateralibus
681 1282 851 1341 angulo
895 1282 1056 1324 baseos
1112 1278 1476 1337 proximioribus
1501 1308 1513 1327 ‚

201 1361 341 1404 quam
371 1344 542 1403 angulo
573 1344 716 1402 apicis
739 1375 751 1394 ‚
784 1342 888 1384 ideo
920 1350 965 1384 et
1005 1340 1151 1383 latera
1196 1340 1417 1396 utrinque
1456 1337 1516 1377 ad

202 1408 350 1450 basim
385 1406 599 1448 breviora
627 1436 638 1446 .

264 1466 493 1509 Rhombea
516 1497 528 1517 ‚
562 1461 885 1522 quadrangula
909 1494 921 1513 ‚
955 1469 1000 1503 et
1029 1457 1356 1518 quadrilatera
1385 1489 1396 1507 ‚
1437 1471 1520 1498 an-

207 1527 330 1587 gulis
360 1526 580 1584 oppositis
610 1523 879 1582 aequalibus‚
911 1520 1185 1564 lateralibus
1208 1520 1386 1561 obtusis
1405 1549 1417 1568 ‚
1445 1532 1520 1558 re-

207 1589 349 1646 liquis
379 1588 526 1628 acutis
549 1618 559 1627 .
590 1585 767 1627 Horum
791 1582 1013 1626 foliorum
1045 1581 1190 1622 latera
1221 1587 1330 1621 sunt
1371 1592 1517 1635 aequa-

209 1650 273 1691 lia
295 1679 305 1690 .

275 1705 630 1765 Trapezisormia
656 1737 668 1757 ‚
700 1701 1018 1762 quadrilatera
1046 1734 1057 1753 ‚
1100 1699 1326 1743 lateribus
1374 1698 1521 1738 omni-

209 1769 299 1811 bus
330 1766 632 1823 inaequalibus
660 1798 672 1818 ,
699 1779 903 1823 quorum
934 1764 1028 1805 duo
1061 1769 1169 1804 sunt
1215 1762 1333 1801 inter
1374 1772 1419 1799 se
1473 1771 1521 1798 se

210 1826 436 1886 parallela
463 1858 473 1868 .

270 1886 470 1930 cordata
494 1918 505 1937 ‚
538 1893 671 1927 ovata
700 1917 712 1935 ,
744 1883 821 1926 sed
852 1884 951 1926 basi
982 1881 1040 1924 ad
1093 1881 1391 1922 insertionem
1442 1890 1525 1934 pe-

212 1947 317 1991 tioli
349 1948 451 1989 sinu
482 1953 702 1988 excavata
732 1943 880 1986 forma
910 1942 1062 1985 cordis
1081 1972 1092 1983 .

273 2006 531 2049 Obcordata
551 2038 561 2058 ‚
595 2005 766 2047 obverse
796 2004 981 2046 cordata
1004 2034 1015 2052 ,
1048 2014 1147 2058 quae
1186 2000 1377 2042 obverse
1411 2009 1523 2038 ova-

215 2077 261 2112 ta
289 2069 393 2111 sinu
421 2069 470 2107 in
499 2067 628 2124 apice
649 2097 660 2117 ‚
690 2079 770 2107 seu
801 2066 848 2106 in
878 2070 1129 2106 curvatura
1178 2060 1346 2116 majori
1377 2056 1482 2099 folii
1508 2089 1520 2107 ‚

214 2144 296 2172 nec
321 2130 368 2168 in
398 2127 498 2169 basi
523 2159 533 2168 .

278 2187 471 2244 oblique
493 2187 698 2236 cordata,
724 2198 822 2242 quae
848 2190 955 2226 sunt
978 2182 1167 2225 cordata
1187 2212 1199 2232 ‚
1227 2188 1275 2223 at
1297 2177 1526 2221 lateribus

218 2250 380 2293 baseos
411 2249 530 2288 inter
556 2262 600 2289 se
632 2243 933 2302 inaequalibus
958 2276 968 2286 .

281 2307 555 2368 Reaffortnia
578 2340 589 2358 ,
644 2305 887 2349 rotundata
907 2337 919 2357 ,
975 2304 1196 2347 habentia
1247 2301 1524 2343 diametrum
