1669 2563
248 112 328 165 164

702 258 854 319 CAPUT
886 275 944 318 ΙΙ.

225 395 298 437 ΒΕ
331 407 690 437 anRAcTEmBUs
721 410 802 438 Pno
832 396 1169 438 DIGNOSCENDIS‘
1193 409 1390 438 FAMILIIS
1413 430 1423 449 ,

352 469 615 507 onmmssus,
651 471 703 496 ET
732 470 984 498 GENEmssUs
1022 470 1296 499 PLANTARUM

616 529 1000 559 PHAENOGAMARUM
1023 549 1032 558 .

660 695 942 754 Proefloratio
973 728 984 738 .

232 814 277 870 ξ.
314 829 380 870 17.
411 814 709 867 Praefloratio,
740 817 976 867 aestivati0‚
1003 814 1234 859 vocabulo
1265 830 1292 856 a
1322 828 1480 856 recen-

175 873 370 915 ‘fioribus
400 872 664 917 introduoto
694 907 705 924 ,
740 877 966 916 rationem
990 907 1002 925 ‚
1039 875 1321 932 modumque
1343 876 1480 931 signi-

175 930 307 983 ficat,
342 947 435 989 quo
469 932 601 975 flores
632 935 784 989 jacent
812 936 932 975 intra
973 949 1196 991 gemmam
1225 966 1236 985 ,
1270 942 1322 975 ut
1365 934 1481 975 alias

173 992 386 1034 diximus.
413 993 511 1042 Haeo
543 993 937 1049 phaenogamarum
967 995 1170 1051 propria,
1203 1002 1360 1050 estque

233 1051 475 1094 Imbricata
501 1084 512 1103 ‚
546 1067 652 1094 cum
685 1051 848 1094 foliola
879 1052 1062 1095 corollae
1087 1086 1099 1104 ‚
1147 1054 1239 1094 sive
1286 1052 1440 1110 petala
1468 1085 1478 1102 ‚

174 1111 402 1154 lateribus
457 1114 553 1154 suis
609 1113 700 1154 sibi
755 1115 953 1154 invicem
1014 1110 1252 1171 paulisper
1303 1113 1484 1153 incum-

173 1172 292 1213 bunt
313 1203 326 1222 ,
358 1180 412 1214 ut
443 1174 491 1215 in
524 1171 650 1216 Rosa
668 1204 681 1224 ,
716 1172 839 1230 Pyro
871 1171 1006 1216 Malo
1036 1206 1048 1225 ‚
1078 1172 1237 1214 Pruno
1287 1171 1450 1215 Ceraso
1469 1204 1481 1223 ‚

174 1230 292 1272 Lino
317 1263 327 1273 .

234 1291 451 1343 Plicata‚
480 1305 587 1334 cum
617 1291 797 1335 corolla
841 1290 1136 1351 monopetala
1187 1293 1283 1349 agit
1337 1289 1483 1348 plicas

175 1349 464 1408 longitudine
496 1367 578 1395 sua
598 1353 735 1395 modo
756 1353 876 1409 filtrc‘
908 1352 1231 1409 chymicorum
1251 1384 1261 1394 .
1288 1350 1486 1395 Convol-

179 1413 285 1461 vali,
317 1411 518 1454 Solana.

233 1471 450 1514 Contorta
468 1504 480 1523 ,
512 1486 619 1514 oum
650 1470 817 1514 foliola
847 1471 1031 1514 corollae
1064 1469 1339 1529 polypetalae
1364 1503 1375 1521 ‚
1401 1476 1486 1511 aut

176 1541 401 1588 segmenta
439 1532 621 1574 corollae
651 1532 950 1590 monopetalae
987 1535 1034 1574 in
1081 1534 1251 1589 spiram
1294 1529 1485 1573 convol-

179 1600 354 1633 vuntur
383 1623 393 1633 .
422 1591 598 1649 Oxalys
616 1624 634 1645 ,
663 1591 916 1649 Apocyneoe
937 1624 948 1633 .

244 1650 498 1707 Corrugata
521 1684 532 1703 ‚
561 1666 668 1694 cum
703 1651 857 1709 petala
886 1651 1093 1710 undique
1123 1652 1252 1709 rugis
1281 1651 1481 1708 crispan-

178 1716 272 1753 tur.
303 1711 528 1767 Papaver,
564 1712 759 1762 Punica,
787 1711 951 1754 cistas,

243 1769 448 1814 Valvaris
468 1804 478 1822 ,
514 1785 621 1813 cum
653 1770 809 1829 petala
838 1774 958 1813 inter
989 1786 1035 1813 se
1066 1786 1111 1812 se
1142 1771 1351 1829 proxima
1371 1784 1483 1812 con·-

174 1832 331 1872 nivent
359 1832 644 1889 marginibus
675 1831 771 1874 suis
801 1830 1046 1874 valvarum
1076 1830 1274 1889 capsulae
1304 1832 1447 1873 instar
1468 1862 1478 1872 .

175 1890 344 1932 Araliae
375 1922 386 1932 .

232 1949 571 2008 Quincuncz'alis
601 1965 707 1992 cum
737 1950 890 2009 petala
924 1958 1029 1993 sunt
1061 1952 1267 2009 quinque
1316 1964 1482 1991 nume-

177 2024 228 2050 ro
252 2042 263 2060 ‚
298 2024 498 2067 quorum
523 2010 615 2052 duo
647 2013 877 2053 exteriora
895 2044 907 2062 ,
941 2011 1034 2053 duo
1063 2025 1174 2053 vero
1226 2012 1444 2051 interiora
1468 2042 1481 2060 ‚

175 2083 412 2127 unumque
462 2071 784 2113 intermedium
838 2079 905 2113 est
928 2103 940 2122 ‚
991 2071 1118 2128 quod
1167 2071 1273 2112 hine
1339 2069 1483 2111 latere

179 2143 262 2170 suo
292 2128 514 2181 obvolvit,
535 2138 580 2172 et
600 2131 775 2188 obtegit
794 2130 948 2188 petala
976 2131 1211 2181 interiora,
1237 2129 1340 2171 inde
1365 2129 1485 2171 idem

176 2189 327 2290 ilgsum
366 2189 514 2232 altero
550 2189 693 2233 latere
725 2191 980 2234 obducitur
1025 2191 1085 2233 ab
1139 2189 1447 2233 exterioribus
1475 2222 1484 2232 .

232 2248 412 2293 ianthus
446 2281 453 2290 .
