1669 2563
1368 141 1423 183 65

204 246 412 291 fasciculi
444 261 656 290 vasorum
697 245 952 286 inordinate
994 243 1320 300 disperguntur
1349 278 1361 296 ,
1399 248 1479 303 qui

202 310 389 366 quidem
419 308 668 349 crebriores
697 307 743 345 in
773 304 953 345 ambitu
978 333 989 351 ‚
1024 304 1141 343 inter
1173 318 1218 344 se
1249 319 1294 345 se
1332 321 1480 345 remo-

203 372 342 412 tiores
373 372 419 410 in
449 373 605 408 centro
633 381 645 413 ;
676 378 873 420 vasaque
903 363 1108 416 cujusvis
1136 360 1346 404 fasciculi
1396 367 1480 404 tri-

203 428 337 486 plicis
366 428 542 486 generis
571 431 677 466 sunt
702 455 713 474 ,
745 424 972 465 exteriora
1002 421 1286 480 lymphatica
1314 454 1326 472 ,
1365 424 1482 464 inte-

202 492 327 531 riora
353 487 539 545 propria
567 515 579 534 ,
609 492 655 524 et
688 482 938 524 trachealia
961 514 972 524 .

260 548 305 603 §.
360 560 459 601 219.
515 543 636 585 Vasa
681 545 727 584 in
772 556 1052 600 unoquoque
1098 538 1321 583 fasciculo
1365 542 1482 582 inci—

202 608 351 664 piente
382 602 561 661 pollent
584 603 797 660 ampliori
824 602 1015 652 lu1nine;
1038 608 1086 642 at
1110 601 1386 642 membranis
1411 615 1482 641 eo-

204 680 307 707 rum
337 663 562 722 paulatim
593 664 973 706 crassescentibus
995 695 1007 713 ,
1039 661 1194 705 lumen
1217 662 1442 701 minuitur
1469 691 1480 709 ,

202 733 248 766 et
292 724 569 782 quandoque
614 725 796 781 penitus
837 722 1107 764 clauditur.
1151 721 1292 777 Atqui
1337 734 1442 761 vasa
1468 751 1478 767 ‚

198 798 296 841 quae
326 786 375 825 in
405 785 583 826 ambitu
614 785 820 839 cujusvis
864 781 1074 824 fasciculi
1101 813 1113 831 ‚
1150 788 1197 821 et
1227 778 1438 821 fasciculi
1467 811 1478 828 ,

197 846 279 901 qui
307 845 355 885 in
384 845 560 886 ambitu
589 843 814 893 caudicis‚
845 842 1018 884 lumine
1047 842 1211 883 minori
1235 855 1261 881 a
1291 839 1481 897 reliquis

196 904 558 963 distinguuntur.
581 904 731 958 Quare
763 903 923 961 plantae
953 899 1392 955 monocotyledoneae
1422 900 1482 940 ab

196 965 495 1006 interioribus
524 964 583 1007 ad
613 965 842 1006 exteriora
872 971 917 1005 et
949 965 996 1005 in
1028 961 1221 1019 singulis
1252 960 1479 1018 parthus,

196 1032 244 1065 et
275 1026 323 1065 in
354 1032 451 1066 tota
479 1024 599 1066 mole
631 1032 859 1082 augentur
879 1055 890 1074 ,
942 1032 987 1065 et
1033 1024 1267 1078 endogenae
1310 1021 1477 1061 merito

198 1084 327 1126 dictae
358 1099 385 1126 a
415 1084 727 1126 Decandolleo
755 1116 765 1126 .

255 1144 301 1199 §.
334 1157 433 1186 220.
465 1143 535 1186 Ex
581 1145 665 1186 hac
705 1141 1250 1198 monocotyledonearum
1299 1137 1480 1196 planta-

200 1218 304 1244 rum
335 1212 567 1245 structura
597 1203 732 1245 facile
764 1203 933 1260 liquet,
967 1210 1199 1244 externam
1227 1199 1374 1241 caulis
1404 1214 1481 1239 ea·-

199 1278 302 1304 rum
335 1272 510 1319 partem
555 1265 862 1305 robustiorem
894 1278 986 1303 esse
1010 1294 1019 1312 ,
1054 1258 1339 1317 superficiem
1371 1272 1479 1298 vero

197 1331 280 1363 aut
311 1326 532 1373 striatam,
564 1331 646 1364 aut
678 1322 900 1366 sulcatam
920 1354 931 1372 ,
957 1331 1038 1364 aut
1061 1319 1346 1377 angulosam,
1373 1332 1479 1358 Cunl

201 1385 378 1423 externi
409 1397 621 1424 vasorum
652 1381 862 1423 fasciculi
894 1380 1025 1422 nullo
1049 1381 1206 1421 ordine
1227 1393 1279 1420 eo
1306 1380 1480 1434 pertin—

197 1449 305 1498 gant
324 1473 334 1482 .
365 1441 576 1499 Cumque
607 1442 655 1482 hi
686 1441 823 1483 iidem
853 1443 1030 1482 externi
1060 1438 1269 1481 fasciculi
1301 1453 1356 1478 ex
1386 1438 1478 1491 jam

195 1502 515 1543 demonstratis
546 1504 635 1542 sint
665 1503 968 1557 antiquiores,
1002 1506 1048 1540 et
1073 1499 1328 1554 rigidiores:
1358 1497 1476 1545 ideo,

195 1561 518 1602 Daubentonio
550 1562 818 1602 observante
847 1591 858 1609 ,
890 1561 981 1599 cito
1025 1558 1282 1614 impediunt
1312 1588 1322 1605 ‚
1361 1570 1479 1611 quo-

197 1624 348 1662 minus
380 1620 537 1679 planta
566 1621 785 1662 dilatetur
815 1652 824 1661 .
857 1619 987 1660 Tunc
1018 1618 1267 1675 vegetantis
1309 1625 1478 1656 naturas

196 1683 262 1723 vis
292 1683 357 1722 ita
389 1697 466 1738 per
496 1680 830 1739 longitudinem
870 1677 1017 1720 caulis
1059 1679 1192 1735 agit,
1230 1684 1275 1717 et
1318 1674 1479 1732 pullu-

197 1740 342 1782 lantes
374 1749 525 1799 partes
556 1740 769 1799 impellit,
803 1747 856 1781 ut
877 1738 1024 1780 caulis
1043 1739 1185 1795 magis
1215 1739 1261 1777 in
1281 1734 1479 1792 longitu-

195 1801 347 1842 dinem
375 1833 387 1852 ,
420 1817 558 1859 quam
589 1803 636 1843 in
668 1800 960 1843 latitudinem
991 1805 1224 1840 excrescat
1251 1813 1262 1846 ·,
1296 1811 1350 1836 ex
1384 1810 1476 1852 quo

195 1863 331 1902 etiam
361 1860 428 1913 fit,
462 1870 514 1903 ut
544 1862 607 1904 hae
633 1861 794 1920 plantae
821 1874 958 1901 unam
989 1873 1213 1916 gemmam
1240 1857 1479 1899 terminan-

197 1928 287 1963 tem
305 1920 575 1979 plerumque
604 1922 877 1980 possideant,
910 1927 955 1961 et·
986 1918 1326 1976 simplicissimae
1352 1914 1475 1966 fiant,

197 1988 339 2038 utque
362 1981 562 2024 folliculi
588 1981 826 2024 cellularis
854 1988 1006 2021 textus
1027 1979 1111 2020 hac
1145 1981 1243 2035 ipsa
1273 1978 1317 2018 vi
1343 1977 1478 2018 abre-

198 2043 265 2096 pti
305 2043 514 2084 recedant
544 2058 571 2085 a
609 2041 753 2084 forma
799 2041 1051 2099 hexagoni,
1098 2036 1477 2096 parallelogram-

198 2116 317 2143 mam
355 2100 545 2159 figuram
575 2103 887 2161 adipiscantur
913 2133 925 2152 ,
958 2108 1003 2142 et
1033 2100 1237 2142 seriebus
1268 2112 1348 2156 per
1382 2097 1475 2137 lon-

199 2175 306 2217 gum
330 2164 486 2218 positis
511 2178 553 2207 se
578 2179 623 2207 se
656 2164 943 2222 potissimum
979 2162 1135 2202 sistant
1161 2191 1172 2202 .

262 2219 306 2275 ξ.
339 2235 436 2264 221.
468 2223 659 2280 Insuper
703 2238 810 2265 cum
854 2222 1018 2263 harum
1062 2219 1321 2277 plantarum
1368 2232 1472 2273 par—

202 2288 268 2322 tes
300 2282 482 2325 internae
513 2283 744 2341 aequaliter
795 2282 851 2325 ad
883 2283 1109 2324 exteriora
1157 2279 1430 2321 contendant
1459 2309 1468 2325 ,

1327 2355 1350 2377 ζ)
