1669 2563
1287 136 1364 177 125

134 241 282 286 fundo
313 242 497 301 paludis
524 241 709 283 clausus
732 237 948 282 evellitur
971 253 1026 280 ex
1051 254 1095 280 se
1115 271 1125 290 ‚
1149 248 1431 297 supernatat,

133 303 364 346 foecundat
383 334 395 353 ,
420 303 615 344 moritur
632 333 642 341 .
674 300 709 340 F
711 301 872 341 oemina
903 298 1168 355 longissimo
1200 299 1432 357 peduncu-

135 362 184 405 lo
214 366 263 407 in
294 365 462 421 spiram
491 367 699 402 contorto
729 360 934 401 exeritur
965 359 1025 399 ab
1056 371 1205 414 aqua,
1250 362 1433 415 genitu-

134 438 236 466 ram
285 424 460 479 excipit
490 452 502 471 ,
553 418 899 477 foecundataque
945 419 1116 460 iterum
1163 432 1210 460 se
1258 418 1434 461 demer-

132 485 203 542 git
220 514 231 525 .

194 539 259 584 8⁰.
290 540 595 582 Foeminarum
625 536 844 580 sterilitas
868 570 880 588 ,
905 537 989 580 ubi
1020 535 1217 579 antherae
1245 535 1305 577 ab
1337 535 1432 578 illis

130 607 454 644 removeantur
483 631 494 649 ‚
526 599 574 642 id
613 598 795 640 Linnaeo
840 598 1108 640 observante
1146 599 1193 638 in
1229 595 1436 638 Cannaba·

130 663 276 704 sativa
299 692 311 711 ,
342 661 390 701 in
427 658 686 702 Clzelidonio
736 659 1042 708 corniculato,
1088 660 1135 700 in
1178 655 1436 699 Nicotiana

119 721 348 779 fruticosa
370 752 382 771 ‚
434 718 629 777 aliisque
653 750 663 761 .
715 717 828 760 Item
877 718 1164 760 foeminarum
1215 716 1435 758 sterilitas

129 778 317 823 defectu
348 781 572 838 stigmatis
596 812 608 830 ‚
639 777 794 837 qualis
823 780 975 822 evenit
1014 781 1062 820 in
1093 778 1220 820 disco
1259 776 1434 834 Synge-

131 843 260 884 nesiae
276 839 550 897 frustraneae
567 871 578 880 .

189 901 260 958 9⁰.
290 899 522 944 sterilitas
551 897 716 942 florum
759 907 1155 943 monstruosorum
1195 913 1252 940 ex
1283 898 1435 940 stami-

131 961 271 1004 nibus
289 993 302 1011 ,
333 968 417 1002 aut
442 958 634 1018 pistillis
667 959 974 1018 degeneribus
998 991 1009 1002 .

197 1019 286 1064 10⁰.
310 1020 541 1063 sterilitas
563 1018 753 1077 frugum
774 1051 785 1071 ,
818 1026 864 1061 et
888 1018 1152 1078 plantarum
1175 1015 1270 1060 fere
1295 1019 1436 1059 omni-

129 1096 210 1123 um
242 1088 512 1140 tempestate
546 1079 710 1139 pluvia
739 1112 751 1132 ,
784 1094 892 1123 cum
922 1080 1069 1123 imber
1114 1077 1435 1138 pulvisculum

128 1140 282 1184 aufert
309 1173 320 1184 .

194 1199 284 1243 11⁰.
317 1199 546 1243 Sterilitas
589 1198 801 1244 masculae
844 1198 1008 1258 plantae
1058 1201 1106 1241 in
1155 1200 1311 1241 dioicis
1337 1229 1350 1249 ,
1381 1205 1427 1239 et

128 1259 342 1303 foemineae
365 1292 377 1312 ,
410 1276 518 1304 cum
547 1259 756 1303 mascula
784 1261 834 1302 in
858 1259 1020 1301 iisdem
1045 1257 1197 1301 deficit
1219 1291 1230 1301 .

196 1318 281 1366 12⁰.
314 1321 522 1363 Stamina
552 1335 727 1377 semper
751 1352 763 1370 ‚
796 1326 842 1361 et
872 1322 1085 1378 stigmata
1116 1319 1390 1377 plerumque
1414 1351 1426 1369 ‚

128 1382 327 1438 peractis
358 1382 535 1440 nuptiis
559 1412 571 1431 ,
603 1381 843 1438 pereuntia
865 1411 876 1422 .

193 1438 287 1483 13⁰.
315 1439 424 1481 Flos
446 1472 458 1491 ,
490 1442 572 1498 qui
597 1455 772 1496 semper
798 1438 1011 1496 praecedit
1040 1437 1246 1481 fructum
1270 1470 1280 1480 .

191 1498 285 1554 14⁰.
313 1499 525 1555 Denique
557 1499 719 1559 plantae
749 1498 956 1553 hybridae
998 1506 1109 1541 natae
1147 1514 1173 1539 a
1212 1498 1391 1540 soemina
1417 1530 1428 1548 ‚

126 1573 226 1616 quae
257 1574 342 1618 ope
374 1558 564 1617 pollinis
593 1558 714 1602 alius
747 1560 913 1616 speciei
938 1557 1191 1600 faecundata
1222 1565 1290 1600 est
1309 1591 1321 1609 ,
1347 1573 1431 1599 ou-

123 1620 328 1675 jusmodi
361 1628 469 1663 sunt
497 1621 632 1677 juxta
652 1619 822 1661 Linnaei
854 1617 1063 1677 pericula
1092 1619 1136 1663 V
1132 1622 1309 1661 eronica
1330 1633 1435 1675 spu-

126 1683 196 1722 ria
225 1680 398 1723 Amoen.
431 1679 601 1722 Accad.
633 1680 705 1722 ed.
739 1693 780 1721 2.
812 1687 923 1721 tom.
956 1681 999 1721 3.
1033 1694 1078 1737 p.
1119 1679 1190 1722 35.
1245 1679 1339 1720 tab.
1386 1693 1432 1719 2.

124 1748 229 1783 orta
252 1756 310 1784 ex
337 1740 383 1785 V
379 1744 556 1783 eronica
585 1742 808 1782 maritima
837 1747 982 1781 matre
1008 1772 1019 1790 ,
1051 1746 1097 1781 et
1137 1739 1181 1782 V
1178 1738 1335 1781 erbena
1360 1737 1431 1794 of-

114 1800 295 1856 ficinali
324 1808 453 1860 patre
473 1834 484 1852 ,
520 1800 817 1858 Delplzinium
846 1799 1076 1857 hybridam
1100 1815 1157 1841 ex
1181 1800 1433 1856 Delphinio

125 1862 263 1913 elato,
287 1868 334 1903 et
348 1861 541 1904 Aconito
556 1861 780 1918 Napello‚
802 1859 1105 1917 Tragopogon
1125 1859 1356 1917 hybridam
1377 1875 1434 1899 ex

130 1920 457 1978 Tragopogone
470 1925 700 1979 pratensi,
727 1930 772 1963 et
785 1921 1047 1978 porrifolio‚
1069 1922 1242 1978 quibus
1264 1921 1434 1961 addere

124 1996 367 2038 possumus
392 1982 668 2039 Pelargonia
695 1981 900 2024 africana
932 1997 1046 2041 pene
1078 1984 1339 2031 innumera,
1366 1983 1431 2021 in-

125 2055 315 2086 numera
348 2042 394 2087 V
390 2042 572 2086 erbasca
596 2076 608 2095 ‚
638 2050 685 2084 et
722 2042 766 2087 V
762 2045 962 2086 eronicas
984 2074 995 2085 .

382 2160 591 2205 Historia
620 2164 918 2221 generationis
958 2162 1136 2205 detectoe
1159 2195 1169 2203 .

190 2280 236 2336 §.
270 2282 379 2325 381.
405 2281 653 2326 Generatio
688 2281 949 2341 plantarum
986 2281 1219 2325 veteribus
1250 2293 1435 2337 prorsus
