1669 2563
206 124 285 174 142

195 223 239 278 ξ.
272 225 371 276 422.
404 222 509 275 Quae
539 235 647 264 vero
678 222 735 264 ad
786 221 990 280 plantam
1054 222 1429 279 acotyledoneam

135 282 429 324 nutriendam
460 283 638 323 ducunt
665 315 675 333 ‚
710 291 889 339 oportet
910 316 921 333 ‚
955 285 1043 326 sint
1073 283 1207 325 valde
1241 283 1390 325 soluta
1416 317 1426 326 .

136 344 244 385 Ideo
280 343 343 384 hae
376 342 537 400 plantae
569 342 767 399 plurimo
798 352 931 400 egent
960 344 1167 395 humore,
1199 343 1271 385 Vel
1292 346 1431 385 etiam

135 407 231 461 ipse
263 403 427 445 humor
459 405 737 444 nutrimento
756 402 866 453 >illis
897 412 978 454 est,
1012 411 1058 444 at
1088 412 1209 445 certe
1240 418 1332 445 non
1359 419 1431 445 so-

136 463 210 506 lus
229 497 239 514 ‚
273 464 413 520 idque
445 462 751 521 dignoscimus
783 463 829 504 in
859 462 1154 513 Lichenibus‚
1201 466 1282 521 qui
1322 479 1433 521 prae-

137 524 339 582 diligunt·
369 531 536 565 terram
561 555 571 574 ,
606 525 653 564 in
683 522 870 579 Fungis‚
903 525 983 581 qui
1027 527 1258 565 venenatis
1308 525 1436 581 prin-

136 586 270 641 cipiis
294 616 305 633 ‚
337 591 383 624 et
409 597 518 640 saepe
549 583 679 624 acido
731 583 1071 640 hydrocyanico
1117 592 1355 641 praestant,
1387 585 1435 623 in

135 643 350 687 Filicibas
388 676 399 695 ‚
431 658 527 701 quae
557 643 736 685 viribus
766 644 1000 686 medicatis
1030 643 1200 695 valent,
1233 646 1281 684 in
1307 643 1436 701 plan-

135 707 193 746 tis
220 706 406 746 marinis
430 736 441 754 ,
474 718 572 760 quae
603 703 776 745 salibus
807 719 926 761 aqua
954 707 1094 746 maris
1144 703 1306 745 solutis
1325 736 1335 754 ‚
1392 712 1437 745 et

134 765 258 806 iodio
290 772 486 804 utuntur
518 763 577 804 ad
603 778 783 820 sapores
813 772 995 806 urentes
1024 797 1034 815 ,
1068 778 1217 815 acres,
1252 764 1438 806 odores-

139 840 229 882 que
262 823 519 881 peculiares
549 822 863 879 adipiscendos
887 856 896 865 .

197 885 241 940 ξ.
273 886 373 938 423.
406 882 706 933 Alimentum‚
729 898 834 924 cum
865 884 1058 924 subierit
1086 899 1309 934 eormum,
1338 898 1436 940 per-

139 943 292 985 ficitur
323 945 441 984 aeris
491 943 820 998 atinosphaerici
865 941 1075 992 influxu3
1128 943 1265 984 nullae
1317 946 1438 984 enim

139 1003 475 1060 acotyledoneae
506 1000 666 1058 plantae
697 1004 863 1043 vivunt
893 1005 986 1043 sine
1017 1017 1143 1053 aere,
1179 1004 1271 1043 sive
1324 1003 1440 1044 dire-

135 1073 210 1105 cte
243 1062 585 1105 circumdentur
618 1062 676 1103 ab
701 1061 810 1112 illo,
835 1063 926 1103 sive
957 1061 1172 1103 hauriant
1202 1077 1259 1102 ex
1289 1077 1408 1118 aqua
1426 1095 1437 1113 ‚

133 1127 187 1166 in
218 1139 311 1181 qua
343 1139 418 1164 aer
449 1137 687 1178 nunquam
720 1121 874 1163 deficit
902 1155 913 1173 ‚
948 1123 1039 1163 sive
1071 1137 1093 1163 e
1129 1123 1403 1179 corporibus
1426 1154 1437 1172 ,

135 1187 183 1225 in
214 1184 384 1241 quibus
413 1181 701 1225 delitescunt.
733 1183 864 1224 Aeris
894 1190 1048 1223 autem
1068 1182 1126 1223 ab
1142 1197 1263 1240 aqua
1286 1182 1440 1223 ahsor-

134 1246 203 1302 pti
228 1242 520 1285 luculentum
553 1243 775 1284 habemus
827 1241 1089 1300 exemplum
1121 1245 1169 1283 in
1215 1241 1438 1299 aquatili-

136 1307 225 1347 bus
257 1304 426 1361 plantis
451 1337 461 1355 ,
494 1318 591 1362 quae
634 1301 800 1345 fistulis
825 1336 837 1354 ,
870 1311 951 1344 aut
980 1303 1143 1345 vesicis
1197 1318 1300 1344 aere
1346 1301 1440 1360 ple-

136 1367 205 1407 nis
235 1366 448 1406 innatant
472 1396 481 1405 .

193 1425 238 1481 ξ.
270 1428 370 1479 424.
403 1425 651 1467 Concoctio
683 1421 890 1465 alimenti
921 1421 971 1464 fit
1001 1424 1048 1464 in
1083 1421 1268 1464 cellulis
1299 1425 1438 1463 auxi-

134 1484 199 1526 lio
230 1499 444 1526 vasorum
463 1517 474 1536 ,
511 1487 545 1525 si
572 1484 662 1526 haec
694 1484 862 1525 adsunt
885 1516 895 1534 ‚
944 1485 1012 1524 sin
1043 1486 1194 1524 minus
1214 1515 1224 1533 ,
1259 1485 1439 1523 contin-

134 1547 202 1602 git
230 1547 278 1585 in
309 1544 416 1587 solis
448 1543 661 1594 cellulis,
714 1552 759 1585 et
808 1544 862 1584 de
910 1542 1082 1586 cellula
1115 1546 1161 1583 in
1215 1542 1439 1584 cellulam

135 1620 279 1654 mora,
297 1605 863 1661 diuturnitate,ten1perie,
879 1611 922 1644 et
943 1619 1045 1644 aere
1075 1603 1310 1652 ambienti,
1331 1618 1441 1659 prae-

134 1668 294 1715 sentia,
316 1664 390 1706 vel
412 1663 593 1706 defectu
625 1663 760 1715 lucis,
781 1663 995 1706 electrica
1025 1665 1228 1714 materie,
1252 1666 1440 1704 materie

133 1724 300 1766 caloris
346 1723 686 1780 adjuvantibus,
710 1731 923 1783 praeterea
944 1722 1256 1773 affinitatibus,
1281 1731 1324 1764 et
1340 1724 1441 1778 jun-

137 1786 372 1827 ctionibus
404 1783 735 1826 elementorum
766 1791 978 1842 aptorum
1003 1816 1012 1824 .
1058 1783 1174 1824 Hinc
1226 1785 1440 1823 oriuntur

137 1847 261 1887 succi
309 1847 484 1902 proprii
515 1845 571 1885 ad
601 1845 772 1896 vitam,
805 1851 850 1885 et
893 1846 1264 1902 propagationem
1315 1842 1443 1900 plan-

136 1913 289 1946 tarum
314 1904 744 1959 acotyleslonearum
775 1906 887 1962 apti,
922 1919 1053 1962 quos,
1088 1906 1222 1946 sicuti
1247 1906 1294 1944 in
1328 1903 1442 1960 phae-

142 1966 348 2021 nogamis
375 1997 385 2015 ‚
419 1964 726 2022 dignoscimus
757 1980 783 2006 a
833 1964 987 2006 colore
1012 1997 1022 2014 ,
1057 1979 1244 2022 sapore,
1278 1971 1322 2004 et
1371 1966 1442 2004 vi·-

138 2025 285 2073 ribus·⁷
315 2027 425 2066 item
447 2033 629 2067 excreta
660 2024 914 2075 inutilium,
940 2023 1015 2066 vel
1048 2026 1311 2065 nocentium
1336 2037 1440 2063 con-

140 2088 354 2141 tingunt,
408 2099 553 2142 eaque
601 2088 650 2126 in
706 2087 864 2142 primis
918 2085 1195 2126 demonstrat
1229 2083 1438 2139 glutino-

141 2161 188 2187 sa
218 2145 454 2196 materies,
486 2161 579 2204 qua
610 2145 770 2204 plantae
819 2145 1043 2202 aquatiles
1095 2148 1259 2204 passim
1291 2143 1440 2186 obdu-

141 2212 309 2247 cuntur
337 2238 346 2248 .
