1669 2563
1293 158 1350 201 85

115 268 365 319 Amidam,
397 274 441 309 et
491 261 784 312 Schultiano,
815 261 1037 303 rationem
1059 293 1070 311 ‚
1100 274 1193 319 qua
1238 265 1415 320 priores

116 338 292 373 motum
329 328 452 369 succi
483 327 530 366 in
565 323 779 366 omnibus
818 320 988 378 plantis
1030 320 1127 362 fieri
1160 322 1412 373 dixerunt,

117 392 267 431 minus
294 402 445 431 veram
470 398 594 432 esse,
635 389 682 424 et
724 382 948 439 praecipue
986 380 1173 437 quidem
1218 382 1265 422 in
1302 383 1417 424 Cha-

119 452 209 500 ris,
242 452 290 491 in
330 446 501 506 quibus
530 449 626 484 tota
656 440 923 500 impellendi
965 441 1092 483 succi
1122 442 1192 481 vis
1238 448 1329 482 stat
1370 445 1417 482 in

119 508 321 567 globulis
363 502 705 553 concatenatis,
736 509 781 543 et
830 516 912 560 per
956 501 1095 542 series
1147 499 1379 557 dispositis
1408 532 1417 542 .

118 566 385 625 eujusmodi
415 577 525 606 vero
555 564 616 605 sit
646 564 715 604 vis
744 562 831 604 ista
860 593 871 611 ,
917 560 1047 602 dictu
1096 557 1315 602 difficile.
1350 560 1419 601 An

118 628 362 671 electrica?
385 623 636 675 Vereorme
655 621 704 667 id
727 619 1020 680 hypothesim
1038 620 1232 663 nimium
1254 623 1418 679 sapiat.

266 744 525 803 Respiratio
565 742 825 803 plantarum
849 740 913 783 ad
943 741 1064 784 succi
1095 741 1276 783 nutricii

590 801 910 861 pesfectionem
940 833 950 844 .

176 925 222 983 ξ.
248 924 349 981 276.
383 923 558 967 Succus
577 920 906 980 lymphaticus,
928 921 1010 979 qui
1028 919 1212 963 caulem
1237 931 1428 978 percur-

122 987 185 1028 rit
207 1019 218 1036 ,
266 985 510 1042 limpidus,
542 991 589 1025 et
637 982 858 1024 inodorus
887 990 983 1032 est,
1034 996 1159 1039 aquae
1205 992 1427 1038 perquam

124 1045 290 1088 similis
313 1078 322 1087 .
346 1044 758 1088 Observationibus
789 1042 1038 1097 Deyeuxii‚
1058 1051 1103 1084 et
1126 1038 1426 1097 Vauquelinii

122 1106 231 1164 plus
261 1106 413 1147 minus
442 1112 620 1147 constat
649 1103 780 1146 acido
805 1104 979 1144 acetico
1010 1101 1158 1144 libero
1178 1133 1189 1151 ‚
1226 1099 1298 1142 vel
1321 1112 1426 1139 cum

123 1165 282 1217 calce,
316 1166 398 1207 aut
432 1173 613 1222 potassa
651 1163 897 1219 conjuncto
922 1195 933 1213 ‚
967 1163 1213 1204 carbonate
1259 1158 1429 1207 calcis,

126 1227 385 1268 substantia
416 1224 683 1267 saccharina
710 1254 722 1273 ‚
753 1222 829 1264 vel
859 1237 1048 1264 mucosa
1072 1254 1083 1272 ‚
1130 1235 1241 1278 saepe
1294 1220 1430 1260 etiam

126 1285 362 1328 albumine
391 1317 402 1335 ‚
434 1286 624 1326 concino
645 1316 656 1335 ,
689 1281 865 1340 glutine
893 1314 905 1334 ,
931 1283 1214 1337 materieque
1256 1284 1433 1336 vegeta-

126 1345 213 1388 hili
245 1346 500 1387 extractiva
522 1376 532 1386 .
564 1344 656 1397 Qui
695 1342 885 1401 quidem
918 1356 1082 1385 succus
1137 1339 1289 1382 adhuc
1333 1346 1435 1395 eget

127 1407 246 1447 aeris
276 1404 606 1461 atmosphaerici
638 1402 815 1445 auxilio
835 1435 846 1453 ‚
880 1416 973 1460 quo
994 1400 1183 1444 ultimas
1213 1399 1434 1442 alimoniae

128 1466 258 1507 dotes
290 1465 576 1522 adipiscatur
602 1495 612 1504 .

185 1524 231 1580 §.
266 1538 368 1580 277.
408 1524 528 1564 Huic
562 1524 628 1563 rei
651 1520 764 1562 folia
788 1522 1016 1578 praecipue
1042 1521 1314 1569 inserviunt,
1341 1518 1441 1574 qui-

127 1585 328 1627 buscum
360 1582 522 1641 plantae
553 1597 598 1625 se
623 1597 668 1623 Se
698 1582 745 1622 in
776 1596 927 1622 aerem
961 1579 1231 1637 expandunt
1256 1592 1348 1620 non
1370 1592 1439 1618 01·-

134 1645 336 1686 namenti
366 1658 506 1685 causa
529 1675 541 1694 ‚
575 1641 653 1684 sed
685 1648 738 1681 ut
768 1642 921 1698 ipsum
956 1654 1107 1682 aerem
1140 1639 1282 1681 latius
1332 1652 1442 1678 con-

127 1707 337 1762 tingant,
372 1712 418 1745 et
463 1703 738 1745 absorbeant
764 1717 776 1751 3
807 1699 932 1758 quod
984 1698 1208 1743 foliorum
1238 1696 1441 1742 officium

129 1772 420 1824 praesenserat
449 1762 735 1822 Malpighius
758 1793 769 1804 .

655 1881 905 1940 1113ρίναίἱο
933 1914 944 1924 .

191 2003 238 2059 §.
271 2005 370 2060 278.
403 2004 492 2047 Aer
538 2002 907 2062 atmosphaericus
938 2017 1018 2060 per
1050 2015 1214 2060 poros,
1238 2006 1285 2042 et
1330 1996 1449 2056 pilos

139 2060 355 2106 foliorum
379 2097 391 2116 ‚
421 2081 504 2107 nec
534 2080 626 2107 non
671 2066 814 2106 totius
856 2062 1227 2122 pal-enchymatis
1271 2060 1448 2103 externi

140 2138 246 2165 cum
266 2139 402 2167 succo
423 2124 583 2183 plantae
603 2124 928 2175 communicat,
952 2126 1222 2182 primusque
1239 2120 1453 2180 Spallal'v-

144 2185 297 2226 zanius
326 2187 553 2243 cognovit,
580 2184 760 2244 plantas
780 2201 882 2227 aere
903 2186 1129 2242 oxygenio
1154 2182 1452 2240 atmosphaerae

143 2248 554 2313 noctu-prassertim
586 2247 725 2303 potiri
750 2279 761 2297 ‚
792 2259 1071 2303 quamquam
1101 2251 1250 2286 morte
1294 2256 1449 2283 corre-

146 2311 253 2361 ptus
288 2313 526 2350 mventum
558 2320 694 2348 suum
715 2307 929 2349 omnibus
949 2305 1221 2348 absolutum
1243 2302 1445 2345 numeris
