1669 2563
1297 96 1377 138 135

210 211 403 269 AEquale
425 242 437 261 ‚
469 209 645 264 longius
673 239 683 255 ,
715 205 884 246 brevius
931 202 1113 258 spadica
1136 232 1146 243 .

151 271 282 314 Alter
313 271 507 329 spadicis
537 266 701 308 modus
730 280 756 305 a
788 263 917 304 nobis
952 262 1120 301 dicitur
1151 260 1317 316 spadix
1359 262 1447 317 spi-

151 342 282 374 catus
311 364 322 382 ‚
351 338 508 386 estque
537 325 701 384 spatha
733 320 943 380 spicq‘fera
963 351 980 373 ,
1010 323 1056 360 in
1087 334 1180 376 qua
1210 320 1362 360 rachis
1400 323 1448 360 in

150 390 440 449 longitudine
471 402 551 429 sua
583 385 672 426 fert
702 380 835 424 flores
866 380 1101 438 perigonio
1131 378 1348 436 simplici,
1367 388 1449 420 aut

150 451 327 508 duplici
360 447 566 505 praeditos
590 478 602 496 ‚
632 457 735 485 raro
779 438 1196 498 hermaphroditOS,
1249 437 1450 494 plerum-

151 526 241 568 que
271 504 562 550 un-isexuales
586 538 595 548 .
629 502 801 561 Spadix
832 504 915 543 iste
942 533 954 551 ,
976 501 1058 558 qui
1091 500 1274 556 proprie
1305 497 1452 539 rachis

150 578 217 612 est
243 601 255 619 ,
280 567 402 609 ludit

208 627 438 684 Simplex,
470 622 543 667 vel
575 636 788 672 ramosus,
817 627 982 662 erectus
1002 652 1013 669 ‚
1046 615 1119 659 vel
1141 624 1323 666 nutans,
1352 616 1453 658 lon-

152 702 234 746 gus
259 720 269 738 ,
299 686 437 727 brevis
464 716 475 735 ,
531 696 705 725 crassus
729 713 746 734 ,
777 681 1045 738 cylindricus
1071 709 1082 727 ‚
1105 675 1364 732 filfformis.

207 747 501 790 Amentaceus
531 757 740 801 aspersus
786 741 986 800 squamis
1020 771 1032 789 ‚
1086 751 1184 794 quae
1217 733 1350 777 flores
1380 737 1454 776 in-

155 809 469 863 terstinguunt
485 836 494 846 .

212 866 400 923 Reliqui
473 860 810 905 inssorescentiae
858 858 981 901 modi
1013 856 1071 898 ad
1110 854 1340 914 spadiccm
1396 855 1455 897 ab

153 925 258 969 aliis
290 925 425 968 relati
475 924 696 967 sententia
725 929 880 964 nostra
911 923 1139 976 pertinent
1167 915 1225 957 ad
1257 917 1452 974 spicam,

154 987 227 1030 vel
259 993 492 1029 amentum
522 1016 532 1025 .

332 1104 620 1149 characteres
656 1101 857 1160 partium
892 1099 1024 1158 floris
1047 1130 1058 1139 .
1090 1096 1242 1153 Calyx
1265 1126 1277 1138 .

214 1226 260 1281 §.
291 1225 363 1268 35.
393 1223 634 1281 Perigonio
685 1222 778 1263 sive
832 1217 1011 1277 duplici
1036 1248 1047 1267 ,
1101 1218 1193 1257 sive
1251 1212 1454 1271 simplici

157 1287 366 1328 Linnaeus
396 1299 559 1325 nomen
590 1281 699 1324 fecit
729 1280 894 1336 calycis
918 1276 1163 1335 periantlzii
1188 1307 1199 1326 ‚
1231 1274 1379 1317 veluti
1416 1275 1453 1315 si

157 1348 282 1388 dicat
315 1343 521 1399 ealycem
553 1341 715 1400 plantae
747 1338 1089 1382 fructificationi
1138 1336 1409 1392 contiguum
1440 1365 1452 1384 ,

156 1415 203 1448 et
232 1406 381 1462 primo
413 1403 600 1460 quidem
629 1402 813 1443 vocavit

218 1465 525 1506 Periantlzium
537 1461 906 1518 fructificationis
927 1488 944 1511 ,
975 1455 1102 1513 quod
1134 1453 1337 1497 includit
1369 1460 1457 1495 sta-

157 1527 281 1567 mina
299 1557 311 1575 ,
341 1530 388 1565 et
420 1521 647 1580 pistillum
668 1553 680 1572 ,

216 1583 524 1627 Periantlziam
542 1581 708 1639 floris,
738 1578 864 1637 quod
894 1577 1096 1619 continet
1129 1575 1320 1616 stamina
1349 1573 1454 1614 abs-

158 1660 250 1703 que
303 1642 514 1701 pistillo,

216 1703 525 1747 Periantlzium
556 1700 738 1758 fructus
767 1732 778 1749 ,
807 1697 931 1757 quod
979 1696 1182 1738 continet
1224 1691 1453 1751 pistillum

161 1766 256 1806 sine
287 1763 561 1806 staminibus
587 1794 598 1804 .

161 1825 388 1868 Caeterum
411 1821 550 1878 calyx
580 1818 767 1863 differt:
805 1817 862 1861 1⁰.
893 1831 1083 1859 numero
1108 1848 1119 1865 ,
1151 1813 1451 1871 compositio-

163 1900 236 1935 ne,
267 1884 493 1941 partibus,
526 1882 705 1924 laciniis
730 1896 739 1922 :
770 1878 832 1921 2⁰.
865 1877 1122 1935 aequalitate
1142 1907 1154 1926 ‚
1187 1873 1349 1931 figura,
1379 1888 1457 1913 su-

163 1942 344 2002 perficie
370 1976 382 1994 ,
412 1946 615 2001 margine
638 1974 650 1992 ‚
682 1943 837 1998 apice:
871 1938 934 1981 3⁰.
966 1937 1069 1979 loco
1096 1968 1107 1986 ,
1130 1936 1451 1992 proportione:

164 2003 228 2058 4⁰.
259 2003 496 2045 duratione
524 2036 534 2045 .
565 2002 746 2055 Quibus
777 2000 989 2041 omnibus
1018 1996 1156 2052 calyx
1187 1995 1359 2036 (licitur

231 2064 427 2114 Unicus,
457 2066 669 2118 geminus,
692 2062 841 2102 nullus
889 2075 916 2100 a
958 2071 1147 2099 numero
1176 2088 1187 2106 ,
1214 2053 1287 2097 vel
1333 2052 1458 2095 defe-

165 2131 245 2164 ctu
272 2155 282 2164 .
313 2123 498 2178 Calycis
521 2156 532 2173 ‚
565 2138 621 2164 an
651 2120 833 2163 corolla:
881 2118 1129 2162 deficientis
1175 2115 1459 2156 characteres

166 2190 315 2224 certos
344 2198 451 2223 cum
481 2198 570 2223 non
619 2183 868 2223 habeamus
894 2213 904 2230 ‚
961 2179 1168 2220 Linnaeus
1192 2209 1204 2227 ,
1240 2183 1293 2215 ut
1339 2172 1459 2215 defe-

170 2250 297 2284 ctum
347 2241 620 2284 alterutrius
651 2242 873 2300 perigonii
926 2240 1095 2281 indicet
1130 2270 1142 2289 ,
1201 2235 1461 2277 indistincte
