<?xml version="1.0" encoding="UTF-8"?>
<!DOCTYPE html PUBLIC "-//W3C//DTD XHTML 1.0 Transitional//EN"
    "http://www.w3.org/TR/xhtml1/DTD/xhtml1-transitional.dtd">
<html xmlns="http://www.w3.org/1999/xhtml" xml:lang="en" lang="en">
 <head>
  <title>
</title>
<meta http-equiv="Content-Type" content="text/html;charset=utf-8" />
  <meta name='ocr-system' content='tesseract 3.04.00' />
  <meta name='ocr-capabilities' content='ocr_page ocr_carea ocr_par ocr_line ocrx_word'/>
</head>
<body>
  <div class='ocr_page' id='page_1' title='image "antoniibertoloni00bert_0248.png"; bbox 0 0 1669 2563; ppageno 0'>
   <div class='ocr_carea' id='block_1_1' title="bbox 277 75 362 117">
    <p class='ocr_par' dir='ltr' id='par_1_1' title="bbox 277 75 362 117">
     <span class='ocr_line' id='line_1_1' title="bbox 277 75 362 117; baseline 0.024 -2"><span class='ocrx_word' id='word_1_1' title='bbox 277 75 362 117; x_wconf 84' lang='lat'><strong>236</strong></span> 
     </span>
    </p>
   </div>
   <div class='ocr_carea' id='block_1_2' title="bbox 216 181 1505 296">
    <p class='ocr_par' dir='ltr' id='par_1_2' title="bbox 216 181 1505 296">
     <span class='ocr_line' id='line_1_2' title="bbox 216 181 1505 241; baseline 0.002 -21"><span class='ocrx_word' id='word_1_2' title='bbox 216 181 417 221; x_wconf 86' lang='lat' dir='ltr'><strong>exterius</strong></span> <span class='ocrx_word' id='word_1_3' title='bbox 447 190 513 223; x_wconf 88' lang='lat' dir='ltr'><strong>est</strong></span> <span class='ocrx_word' id='word_1_4' title='bbox 536 214 547 233; x_wconf 82' lang='lat'><strong>,</strong></span> <span class='ocrx_word' id='word_1_5' title='bbox 580 189 625 223; x_wconf 83' lang='lat' dir='ltr'><strong>et</strong></span> <span class='ocrx_word' id='word_1_6' title='bbox 654 183 894 225; x_wconf 79' lang='lat' dir='ltr'>maximam</span> <span class='ocrx_word' id='word_1_7' title='bbox 922 191 1097 241; x_wconf 84' lang='lat' dir='ltr'><strong>partem</strong></span> <span class='ocrx_word' id='word_1_8' title='bbox 1143 183 1395 224; x_wconf 78' lang='lat' dir='ltr'><strong>eireunulat</strong></span> <span class='ocrx_word' id='word_1_9' title='bbox 1429 199 1505 239; x_wconf 70' lang='lat' dir='ltr'><strong>pe-</strong></span> 
     </span>
     <span class='ocr_line' id='line_1_3' title="bbox 217 243 468 296; baseline 0 -13"><span class='ocrx_word' id='word_1_10' title='bbox 217 243 436 296; x_wconf 83' lang='lat' dir='ltr'><strong>risperma</strong></span> <span class='ocrx_word' id='word_1_11' title='bbox 459 274 468 283; x_wconf 91' lang='lat'><strong>.</strong></span> 
     </span>
    </p>
   </div>
   <div class='ocr_carea' id='block_1_3' title="bbox 219 299 1530 2277">
    <p class='ocr_par' dir='ltr' id='par_1_3' title="bbox 284 299 1261 362">
     <span class='ocr_line' id='line_1_4' title="bbox 284 299 1261 362; baseline 0.003 -22"><span class='ocrx_word' id='word_1_12' title='bbox 284 299 594 344; x_wconf 76' lang='lat' dir='ltr'><strong>Transversum</strong></span> <span class='ocrx_word' id='word_1_13' title='bbox 619 335 630 353; x_wconf 84' lang='lat'>‚</span> <span class='ocrx_word' id='word_1_14' title='bbox 662 301 747 343; x_wconf 85' lang='lat' dir='ltr'><strong>hili</strong></span> <span class='ocrx_word' id='word_1_15' title='bbox 780 302 917 361; x_wconf 78' lang='lat' dir='ltr'><strong>plano</strong></span> <span class='ocrx_word' id='word_1_16' title='bbox 952 302 1224 362; x_wconf 81' lang='lat' dir='ltr'>parallelum</span> <span class='ocrx_word' id='word_1_17' title='bbox 1251 335 1261 344; x_wconf 86' lang='lat'><strong>.</strong></span> 
     </span>
    </p>

    <p class='ocr_par' dir='ltr' id='par_1_4' title="bbox 219 359 1509 466">
     <span class='ocr_line' id='line_1_5' title="bbox 276 359 1509 420; baseline 0 -18"><span class='ocrx_word' id='word_1_18' title='bbox 276 359 514 417; x_wconf 81' lang='lat' dir='ltr'><strong>Obliquum</strong></span> <span class='ocrx_word' id='word_1_19' title='bbox 538 394 549 413; x_wconf 82' lang='lat'><strong>,</strong></span> <span class='ocrx_word' id='word_1_20' title='bbox 579 377 684 404; x_wconf 88' lang='lat' dir='ltr'><strong>cum</strong></span> <span class='ocrx_word' id='word_1_21' title='bbox 732 366 1018 407; x_wconf 71' lang='lat' dir='ltr'><strong>extremitate</strong></span> <span class='ocrx_word' id='word_1_22' title='bbox 1062 379 1153 405; x_wconf 82' lang='lat' dir='ltr'><strong>una</strong></span> <span class='ocrx_word' id='word_1_23' title='bbox 1198 364 1339 420; x_wconf 73' lang='lat' dir='ltr'><strong>magis</strong></span> <span class='ocrx_word' id='word_1_24' title='bbox 1371 375 1509 418; x_wconf 80' lang='lat' dir='ltr'><strong>quam</strong></span> 
     </span>
     <span class='ocr_line' id='line_1_6' title="bbox 219 418 954 466; baseline 0.005 -4"><span class='ocrx_word' id='word_1_25' title='bbox 219 418 311 462; x_wconf 85' lang='lat' dir='ltr'><strong>alia</strong></span> <span class='ocrx_word' id='word_1_26' title='bbox 343 422 515 464; x_wconf 82' lang='lat' dir='ltr'><strong>recedit</strong></span> <span class='ocrx_word' id='word_1_27' title='bbox 544 423 602 465; x_wconf 81' lang='lat' dir='ltr'><strong>ab</strong></span> <span class='ocrx_word' id='word_1_28' title='bbox 636 438 719 464; x_wconf 80' lang='lat' dir='ltr'><strong>axe</strong></span> <span class='ocrx_word' id='word_1_29' title='bbox 745 426 926 466; x_wconf 86' lang='lat' dir='ltr'><strong>seminis</strong></span> <span class='ocrx_word' id='word_1_30' title='bbox 945 457 954 466; x_wconf 90' lang='lat'><strong>.</strong></span> 
     </span>
    </p>

    <p class='ocr_par' dir='ltr' id='par_1_5' title="bbox 278 480 1481 542">
     <span class='ocr_line' id='line_1_7' title="bbox 278 480 1481 542; baseline -0.001 -21"><span class='ocrx_word' id='word_1_31' title='bbox 278 480 488 525; x_wconf 82' lang='lat' dir='ltr'><strong>Laterale</strong></span> <span class='ocrx_word' id='word_1_32' title='bbox 510 516 522 534; x_wconf 86' lang='lat'>‚</span> <span class='ocrx_word' id='word_1_33' title='bbox 553 497 660 525; x_wconf 87' lang='lat' dir='ltr'><strong>cum</strong></span> <span class='ocrx_word' id='word_1_34' title='bbox 692 490 838 525; x_wconf 83' lang='lat' dir='ltr'><strong>totum</strong></span> <span class='ocrx_word' id='word_1_35' title='bbox 869 484 992 542; x_wconf 82' lang='lat' dir='ltr'><strong>degit</strong></span> <span class='ocrx_word' id='word_1_36' title='bbox 1022 485 1067 525; x_wconf 90' lang='lat' dir='ltr'><strong>in</strong></span> <span class='ocrx_word' id='word_1_37' title='bbox 1092 481 1235 524; x_wconf 85' lang='lat' dir='ltr'><strong>latere</strong></span> <span class='ocrx_word' id='word_1_38' title='bbox 1269 482 1452 522; x_wconf 76' lang='lat' dir='ltr'><strong>semInis</strong></span> <span class='ocrx_word' id='word_1_39' title='bbox 1472 511 1481 520; x_wconf 94' lang='lat'>.</span> 
     </span>
    </p>

    <p class='ocr_par' dir='ltr' id='par_1_6' title="bbox 219 540 1516 661">
     <span class='ocr_line' id='line_1_8' title="bbox 277 540 1516 601; baseline -0.002 -20"><span class='ocrx_word' id='word_1_40' title='bbox 277 540 484 584; x_wconf 75' lang='lat' dir='ltr'><strong>Basilare</strong></span> <span class='ocrx_word' id='word_1_41' title='bbox 504 575 516 594; x_wconf 85' lang='lat'>‚</span> <span class='ocrx_word' id='word_1_42' title='bbox 546 558 652 586; x_wconf 82' lang='lat' dir='ltr'><strong>curn</strong></span> <span class='ocrx_word' id='word_1_43' title='bbox 685 552 831 585; x_wconf 84' lang='lat' dir='ltr'><strong>totum</strong></span> <span class='ocrx_word' id='word_1_44' title='bbox 860 545 980 599; x_wconf 86' lang='lat' dir='ltr'><strong>jacet</strong></span> <span class='ocrx_word' id='word_1_45' title='bbox 1009 547 1056 585; x_wconf 89' lang='lat' dir='ltr'><strong>in</strong></span> <span class='ocrx_word' id='word_1_46' title='bbox 1106 550 1235 601; x_wconf 85' lang='lat' dir='ltr'><strong>parte</strong></span> <span class='ocrx_word' id='word_1_47' title='bbox 1289 543 1516 600; x_wconf 84' lang='lat' dir='ltr'><strong>perisper-</strong></span> 
     </span>
     <span class='ocr_line' id='line_1_9' title="bbox 219 603 961 661; baseline 0.007 -20"><span class='ocrx_word' id='word_1_48' title='bbox 219 603 354 643; x_wconf 87' lang='lat' dir='ltr'><strong>matis</strong></span> <span class='ocrx_word' id='word_1_49' title='bbox 379 634 391 653; x_wconf 88' lang='lat'><strong>,</strong></span> <span class='ocrx_word' id='word_1_50' title='bbox 423 617 520 659; x_wconf 85' lang='lat' dir='ltr'><strong>quae</strong></span> <span class='ocrx_word' id='word_1_51' title='bbox 550 603 647 645; x_wconf 85' lang='lat' dir='ltr'><strong>hilo</strong></span> <span class='ocrx_word' id='word_1_52' title='bbox 678 607 926 661; x_wconf 77' lang='lat' dir='ltr'>proximior</span> <span class='ocrx_word' id='word_1_53' title='bbox 951 636 961 646; x_wconf 92' lang='lat'><strong>.</strong></span> 
     </span>
    </p>

    <p class='ocr_par' dir='ltr' id='par_1_7' title="bbox 220 659 1516 778">
     <span class='ocr_line' id='line_1_10' title="bbox 279 659 1516 721; baseline -0.004 -18"><span class='ocrx_word' id='word_1_54' title='bbox 279 660 535 717; x_wconf 80' lang='lat' dir='ltr'><strong>Apicilare,</strong></span> <span class='ocrx_word' id='word_1_55' title='bbox 567 678 673 705; x_wconf 85' lang='lat' dir='ltr'><strong>cum</strong></span> <span class='ocrx_word' id='word_1_56' title='bbox 705 666 886 706; x_wconf 85' lang='lat' dir='ltr'><strong>omnino</strong></span> <span class='ocrx_word' id='word_1_57' title='bbox 918 666 1057 707; x_wconf 82' lang='lat' dir='ltr'><strong>situm</strong></span> <span class='ocrx_word' id='word_1_58' title='bbox 1081 664 1126 704; x_wconf 90' lang='lat' dir='ltr'><strong>in</strong></span> <span class='ocrx_word' id='word_1_59' title='bbox 1158 669 1286 721; x_wconf 85' lang='lat' dir='ltr'><strong>parte</strong></span> <span class='ocrx_word' id='word_1_60' title='bbox 1312 659 1408 702; x_wconf 82' lang='lat' dir='ltr'><strong>hilo</strong></span> <span class='ocrx_word' id='word_1_61' title='bbox 1437 674 1516 715; x_wconf 76' lang='lat' dir='ltr'><strong>op-</strong></span> 
     </span>
     <span class='ocr_line' id='line_1_11' title="bbox 220 723 402 778; baseline 0.016 -17"><span class='ocrx_word' id='word_1_62' title='bbox 220 723 368 778; x_wconf 85' lang='lat' dir='ltr'><strong>posita</strong></span> <span class='ocrx_word' id='word_1_63' title='bbox 392 754 402 764; x_wconf 85' lang='lat'><strong>.</strong></span> 
     </span>
    </p>

    <p class='ocr_par' dir='ltr' id='par_1_8' title="bbox 220 781 1520 958">
     <span class='ocr_line' id='line_1_12' title="bbox 287 781 1515 839; baseline -0.005 -15"><span class='ocrx_word' id='word_1_64' title='bbox 287 781 495 836; x_wconf 81' lang='lat' dir='ltr'><strong>Vagum,</strong></span> <span class='ocrx_word' id='word_1_65' title='bbox 527 796 634 824; x_wconf 89' lang='lat' dir='ltr'><strong>cum</strong></span> <span class='ocrx_word' id='word_1_66' title='bbox 678 784 743 823; x_wconf 85' lang='lat' dir='ltr'><strong>ita</strong></span> <span class='ocrx_word' id='word_1_67' title='bbox 793 785 993 839; x_wconf 85' lang='lat' dir='ltr'><strong>positum</strong></span> <span class='ocrx_word' id='word_1_68' title='bbox 1038 784 1158 824; x_wconf 87' lang='lat' dir='ltr'><strong>intra</strong></span> <span class='ocrx_word' id='word_1_69' title='bbox 1209 781 1515 838; x_wconf 83' lang='lat' dir='ltr'><strong>perisperma,</strong></span> 
     </span>
     <span class='ocr_line' id='line_1_13' title="bbox 223 840 1520 898; baseline -0.001 -19"><span class='ocrx_word' id='word_1_70' title='bbox 223 847 276 879; x_wconf 86' lang='lat' dir='ltr'><strong>ut</strong></span> <span class='ocrx_word' id='word_1_71' title='bbox 301 856 383 881; x_wconf 89' lang='lat' dir='ltr'><strong>nec</strong></span> <span class='ocrx_word' id='word_1_72' title='bbox 411 840 630 898; x_wconf 84' lang='lat' dir='ltr'><strong>apicilare</strong></span> <span class='ocrx_word' id='word_1_73' title='bbox 651 874 663 893; x_wconf 87' lang='lat'><strong>,</strong></span> <span class='ocrx_word' id='word_1_74' title='bbox 694 857 775 884; x_wconf 89' lang='lat' dir='ltr'><strong>nec</strong></span> <span class='ocrx_word' id='word_1_75' title='bbox 800 841 996 885; x_wconf 69' lang='lat' dir='ltr'><strong>basilam</strong></span> <span class='ocrx_word' id='word_1_76' title='bbox 1015 873 1026 892; x_wconf 91' lang='lat'>‚</span> <span class='ocrx_word' id='word_1_77' title='bbox 1059 857 1140 884; x_wconf 86' lang='lat' dir='ltr'><strong>nec</strong></span> <span class='ocrx_word' id='word_1_78' title='bbox 1186 840 1375 882; x_wconf 86' lang='lat' dir='ltr'><strong>laterale</strong></span> <span class='ocrx_word' id='word_1_79' title='bbox 1420 840 1520 880; x_wconf 80' lang='lat' dir='ltr'><strong>stri-</strong></span> 
     </span>
     <span class='ocr_line' id='line_1_14' title="bbox 220 900 610 958; baseline 0.005 -18"><span class='ocrx_word' id='word_1_80' title='bbox 220 907 294 940; x_wconf 85' lang='lat' dir='ltr'><strong>cte</strong></span> <span class='ocrx_word' id='word_1_81' title='bbox 325 900 416 943; x_wconf 89' lang='lat' dir='ltr'><strong>diei</strong></span> <span class='ocrx_word' id='word_1_82' title='bbox 441 908 582 958; x_wconf 85' lang='lat' dir='ltr'><strong>queat</strong></span> <span class='ocrx_word' id='word_1_83' title='bbox 600 933 610 942; x_wconf 90' lang='lat'><strong>.</strong></span> 
     </span>
    </p>

    <p class='ocr_par' dir='ltr' id='par_1_9' title="bbox 223 958 1523 1138">
     <span class='ocr_line' id='line_1_15' title="bbox 282 958 1522 1013; baseline -0.003 -11"><span class='ocrx_word' id='word_1_84' title='bbox 282 958 558 1002; x_wconf 84' lang='lat' dir='ltr'><strong>Nidulatum</strong></span> <span class='ocrx_word' id='word_1_85' title='bbox 583 992 599 1013; x_wconf 82' lang='lat'><em>,</em></span> <span class='ocrx_word' id='word_1_86' title='bbox 625 974 733 1002; x_wconf 85' lang='lat' dir='ltr'><strong>cum</strong></span> <span class='ocrx_word' id='word_1_87' title='bbox 764 958 910 1001; x_wconf 85' lang='lat' dir='ltr'><strong>altera</strong></span> <span class='ocrx_word' id='word_1_88' title='bbox 941 976 996 1002; x_wconf 82' lang='lat' dir='ltr'><strong>ex</strong></span> <span class='ocrx_word' id='word_1_89' title='bbox 1029 962 1124 1002; x_wconf 86' lang='lat' dir='ltr'><strong>suis</strong></span> <span class='ocrx_word' id='word_1_90' title='bbox 1154 959 1522 1000; x_wconf 67' lang='lat' dir='ltr'><strong>extremitafflbus</strong></span> 
     </span>
     <span class='ocr_line' id='line_1_16' title="bbox 223 1019 1523 1078; baseline -0.002 -18"><span class='ocrx_word' id='word_1_91' title='bbox 223 1019 523 1062; x_wconf 81' lang='lat' dir='ltr'><strong>absconditur</strong></span> <span class='ocrx_word' id='word_1_92' title='bbox 570 1022 692 1062; x_wconf 86' lang='lat' dir='ltr'><strong>intra</strong></span> <span class='ocrx_word' id='word_1_93' title='bbox 723 1019 867 1078; x_wconf 87' lang='lat' dir='ltr'><strong>plicas</strong></span> <span class='ocrx_word' id='word_1_94' title='bbox 899 1019 1240 1063; x_wconf 76' lang='lat' dir='ltr'><strong>sacculiformes</strong></span> <span class='ocrx_word' id='word_1_95' title='bbox 1264 1049 1276 1068; x_wconf 83' lang='lat'><strong>,</strong></span> <span class='ocrx_word' id='word_1_96' title='bbox 1307 1033 1334 1058; x_wconf 84' lang='lat' dir='ltr'><strong>a</strong></span> <span class='ocrx_word' id='word_1_97' title='bbox 1364 1020 1523 1074; x_wconf 79' lang='lat' dir='ltr'><strong>tegmi-</strong></span> 
     </span>
     <span class='ocr_line' id='line_1_17' title="bbox 223 1078 926 1138; baseline 0.001 -18"><span class='ocrx_word' id='word_1_98' title='bbox 223 1095 278 1120; x_wconf 90' lang='lat' dir='ltr'><strong>ne</strong></span> <span class='ocrx_word' id='word_1_99' title='bbox 304 1078 546 1122; x_wconf 81' lang='lat' dir='ltr'><strong>introflexo</strong></span> <span class='ocrx_word' id='word_1_100' title='bbox 577 1082 892 1138; x_wconf 81' lang='lat' dir='ltr'><strong>suppeditatas</strong></span> <span class='ocrx_word' id='word_1_101' title='bbox 916 1112 926 1122; x_wconf 92' lang='lat'><strong>.</strong></span> 
     </span>
    </p>

    <p class='ocr_par' dir='ltr' id='par_1_10' title="bbox 223 1136 1521 1259">
     <span class='ocr_line' id='line_1_18' title="bbox 282 1136 1521 1192; baseline -0.003 -10"><span class='ocrx_word' id='word_1_102' title='bbox 282 1139 538 1182; x_wconf 70' lang='lat' dir='ltr'><strong>coloratum</strong></span> <span class='ocrx_word' id='word_1_103' title='bbox 557 1173 568 1192; x_wconf 84' lang='lat'><strong>,</strong></span> <span class='ocrx_word' id='word_1_104' title='bbox 600 1141 716 1183; x_wconf 87' lang='lat' dir='ltr'><strong>idest</strong></span> <span class='ocrx_word' id='word_1_105' title='bbox 761 1140 922 1183; x_wconf 83' lang='lat' dir='ltr'><strong>album</strong></span> <span class='ocrx_word' id='word_1_106' title='bbox 942 1172 953 1190; x_wconf 95' lang='lat'>‚</span> <span class='ocrx_word' id='word_1_107' title='bbox 988 1138 1188 1181; x_wconf 84' lang='lat' dir='ltr'><strong>lacteum</strong></span> <span class='ocrx_word' id='word_1_108' title='bbox 1217 1171 1229 1190; x_wconf 92' lang='lat'><strong>,</strong></span> <span class='ocrx_word' id='word_1_109' title='bbox 1262 1136 1486 1179; x_wconf 85' lang='lat' dir='ltr'><strong>lutescens</strong></span> <span class='ocrx_word' id='word_1_110' title='bbox 1510 1169 1521 1187; x_wconf 91' lang='lat'>‚</span> 
     </span>
     <span class='ocr_line' id='line_1_19' title="bbox 223 1200 1098 1259; baseline 0.001 -18"><span class='ocrx_word' id='word_1_111' title='bbox 223 1200 369 1242; x_wconf 84' lang='lat' dir='ltr'><strong>viride</strong></span> <span class='ocrx_word' id='word_1_112' title='bbox 396 1233 408 1253; x_wconf 84' lang='grc'>,</span> <span class='ocrx_word' id='word_1_113' title='bbox 435 1200 708 1259; x_wconf 84' lang='lat' dir='ltr'><strong>plumbeum</strong></span> <span class='ocrx_word' id='word_1_114' title='bbox 735 1233 747 1252; x_wconf 84' lang='grc'>,</span> <span class='ocrx_word' id='word_1_115' title='bbox 779 1214 1068 1259; x_wconf 80' lang='lat' dir='ltr'><strong>purpureum</strong></span> <span class='ocrx_word' id='word_1_116' title='bbox 1088 1232 1098 1242; x_wconf 92' lang='lat'><em>.</em></span> 
     </span>
    </p>

    <p class='ocr_par' dir='ltr' id='par_1_11' title="bbox 281 1259 953 1320">
     <span class='ocr_line' id='line_1_20' title="bbox 281 1259 953 1320; baseline 0 -17"><span class='ocrx_word' id='word_1_117' title='bbox 281 1259 327 1316; x_wconf 54' lang='grc' dir='ltr'><strong>ς.</strong></span> <span class='ocrx_word' id='word_1_118' title='bbox 363 1263 434 1315; x_wconf 78' lang='grc'><strong>84.</strong></span> <span class='ocrx_word' id='word_1_119' title='bbox 467 1261 750 1320; x_wconf 84' lang='lat' dir='ltr'><strong>Perisperma</strong></span> <span class='ocrx_word' id='word_1_120' title='bbox 780 1262 953 1303; x_wconf 82' lang='lat' dir='ltr'><strong>dicitur</strong></span> 
     </span>
    </p>

    <p class='ocr_par' dir='ltr' id='par_1_12' title="bbox 223 1316 1524 1424">
     <span class='ocr_line' id='line_1_21' title="bbox 282 1316 1524 1380; baseline -0.006 -16"><span class='ocrx_word' id='word_1_121' title='bbox 282 1321 488 1364; x_wconf 79' lang='lat' dir='ltr'><strong>Centrale</strong></span> <span class='ocrx_word' id='word_1_122' title='bbox 509 1355 520 1374; x_wconf 86' lang='lat'>‚</span> <span class='ocrx_word' id='word_1_123' title='bbox 544 1322 873 1380; x_wconf 79' lang='lat' dir='ltr'><strong>periplzericum</strong></span> <span class='ocrx_word' id='word_1_124' title='bbox 896 1354 908 1373; x_wconf 87' lang='lat'><strong>,</strong></span> <span class='ocrx_word' id='word_1_125' title='bbox 955 1320 1217 1363; x_wconf 83' lang='lat' dir='ltr'><strong>unilaterale</strong></span> <span class='ocrx_word' id='word_1_126' title='bbox 1274 1317 1418 1360; x_wconf 84' lang='lat' dir='ltr'><strong>relate</strong></span> <span class='ocrx_word' id='word_1_127' title='bbox 1467 1316 1524 1357; x_wconf 86' lang='lat' dir='ltr'><strong>ad</strong></span> 
     </span>
     <span class='ocr_line' id='line_1_22' title="bbox 223 1394 401 1424; baseline 0.022 -4"><span class='ocrx_word' id='word_1_128' title='bbox 223 1394 373 1422; x_wconf 86' lang='lat' dir='ltr'><strong>semen</strong></span> <span class='ocrx_word' id='word_1_129' title='bbox 390 1414 401 1424; x_wconf 88' lang='lat'><strong>.</strong></span> 
     </span>
    </p>

    <p class='ocr_par' dir='ltr' id='par_1_13' title="bbox 225 1439 1525 1735">
     <span class='ocr_line' id='line_1_23' title="bbox 281 1439 1524 1498; baseline -0.006 -15"><span class='ocrx_word' id='word_1_130' title='bbox 281 1440 457 1483; x_wconf 77' lang='lat' dir='ltr'><strong>Siccam</strong></span> <span class='ocrx_word' id='word_1_131' title='bbox 476 1475 488 1493; x_wconf 91' lang='lat'>,</span> <span class='ocrx_word' id='word_1_132' title='bbox 520 1444 691 1484; x_wconf 85' lang='lat' dir='ltr'><strong>aridum</strong></span> <span class='ocrx_word' id='word_1_133' title='bbox 717 1474 728 1493; x_wconf 89' lang='lat'>‚</span> <span class='ocrx_word' id='word_1_134' title='bbox 748 1440 1002 1498; x_wconf 78' lang='lat' dir='ltr'><strong>farinosum</strong></span> <span class='ocrx_word' id='word_1_135' title='bbox 1021 1474 1032 1493; x_wconf 87' lang='lat'>‚</span> <span class='ocrx_word' id='word_1_136' title='bbox 1047 1440 1233 1498; x_wconf 76' lang='lat' dir='ltr'><strong>friabile</strong></span> <span class='ocrx_word' id='word_1_137' title='bbox 1257 1472 1269 1490; x_wconf 90' lang='lat'>‚</span> <span class='ocrx_word' id='word_1_138' title='bbox 1296 1439 1488 1482; x_wconf 76' lang='lat' dir='ltr'><strong>oleosum</strong></span> <span class='ocrx_word' id='word_1_139' title='bbox 1514 1469 1524 1486; x_wconf 95' lang='lat'>,</span> 
     </span>
     <span class='ocr_line' id='line_1_24' title="bbox 225 1502 1525 1559; baseline -0.003 -18"><span class='ocrx_word' id='word_1_140' title='bbox 225 1503 589 1559; x_wconf 81' lang='lat' dir='ltr'><strong>mucilaginosum</strong></span> <span class='ocrx_word' id='word_1_141' title='bbox 613 1535 625 1554; x_wconf 84' lang='lat'>‚</span> <span class='ocrx_word' id='word_1_142' title='bbox 657 1502 1026 1544; x_wconf 82' lang='lat' dir='ltr'><strong>membranaceum</strong></span> <span class='ocrx_word' id='word_1_143' title='bbox 1052 1535 1064 1554; x_wconf 84' lang='grc'><strong>,</strong></span> <span class='ocrx_word' id='word_1_144' title='bbox 1113 1515 1345 1543; x_wconf 79' lang='lat' dir='ltr'><strong>carnosum</strong></span> <span class='ocrx_word' id='word_1_145' title='bbox 1363 1531 1374 1548; x_wconf 89' lang='lat'><strong>,</strong></span> <span class='ocrx_word' id='word_1_146' title='bbox 1427 1512 1525 1538; x_wconf 79' lang='lat' dir='ltr'><strong>cor-</strong></span> 
     </span>
     <span class='ocr_line' id='line_1_25' title="bbox 226 1560 1523 1620; baseline -0.003 -19"><span class='ocrx_word' id='word_1_147' title='bbox 226 1576 353 1603; x_wconf 84' lang='lat' dir='ltr'><strong>neum</strong></span> <span class='ocrx_word' id='word_1_148' title='bbox 383 1595 394 1613; x_wconf 88' lang='lat'>‚</span> <span class='ocrx_word' id='word_1_149' title='bbox 445 1567 688 1606; x_wconf 82' lang='lat' dir='ltr'><strong>coriaceum</strong></span> <span class='ocrx_word' id='word_1_150' title='bbox 712 1596 724 1615; x_wconf 90' lang='lat'><strong>,</strong></span> <span class='ocrx_word' id='word_1_151' title='bbox 785 1563 1122 1619; x_wconf 79' lang='lat' dir='ltr'><strong>cartilagineum</strong></span> <span class='ocrx_word' id='word_1_152' title='bbox 1146 1594 1157 1612; x_wconf 81' lang='grc'>,</span> <span class='ocrx_word' id='word_1_153' title='bbox 1215 1560 1485 1620; x_wconf 75' lang='lat' dir='ltr'><strong>pellucidum</strong></span> <span class='ocrx_word' id='word_1_154' title='bbox 1512 1589 1523 1606; x_wconf 84' lang='lat'>‚</span> 
     </span>
     <span class='ocr_line' id='line_1_26' title="bbox 226 1624 1524 1680; baseline -0.002 -19"><span class='ocrx_word' id='word_1_155' title='bbox 226 1636 416 1677; x_wconf 77' lang='lat' dir='ltr'><strong>opacum</strong></span> <span class='ocrx_word' id='word_1_156' title='bbox 438 1655 450 1674; x_wconf 84' lang='lat'><strong>,</strong></span> <span class='ocrx_word' id='word_1_157' title='bbox 482 1624 675 1666; x_wconf 84' lang='lat' dir='ltr'><strong>lobatum</strong></span> <span class='ocrx_word' id='word_1_158' title='bbox 700 1656 712 1674; x_wconf 83' lang='lat'>‚</span> <span class='ocrx_word' id='word_1_159' title='bbox 746 1626 946 1667; x_wconf 78' lang='lat' dir='ltr'><strong>rimosum</strong></span> <span class='ocrx_word' id='word_1_160' title='bbox 965 1656 977 1676; x_wconf 92' lang='lat'>‚</span> <span class='ocrx_word' id='word_1_161' title='bbox 1009 1637 1214 1680; x_wconf 81' lang='lat' dir='ltr'><strong>magnum</strong></span> <span class='ocrx_word' id='word_1_162' title='bbox 1234 1653 1245 1672; x_wconf 86' lang='lat'><strong>,</strong></span> <span class='ocrx_word' id='word_1_163' title='bbox 1291 1632 1484 1662; x_wconf 79' lang='lat' dir='ltr'><strong>crassum</strong></span> <span class='ocrx_word' id='word_1_164' title='bbox 1513 1649 1524 1667; x_wconf 91' lang='lat'>‚</span> 
     </span>
     <span class='ocr_line' id='line_1_27' title="bbox 228 1683 793 1735; baseline 0.007 -13"><span class='ocrx_word' id='word_1_165' title='bbox 228 1690 357 1723; x_wconf 83' lang='lat' dir='ltr'><strong>tenue</strong></span> <span class='ocrx_word' id='word_1_166' title='bbox 374 1715 386 1733; x_wconf 91' lang='lat'><strong>,</strong></span> <span class='ocrx_word' id='word_1_167' title='bbox 418 1683 564 1725; x_wconf 85' lang='lat' dir='ltr'><strong>album</strong></span> <span class='ocrx_word' id='word_1_168' title='bbox 584 1716 595 1735; x_wconf 88' lang='lat'>‚</span> <span class='ocrx_word' id='word_1_169' title='bbox 625 1685 764 1727; x_wconf 82' lang='lat' dir='ltr'><strong>viride</strong></span> <span class='ocrx_word' id='word_1_170' title='bbox 783 1717 793 1726; x_wconf 91' lang='lat'><strong>.</strong></span> 
     </span>
    </p>

    <p class='ocr_par' dir='ltr' id='par_1_14' title="bbox 229 1741 1529 1860">
     <span class='ocr_line' id='line_1_28' title="bbox 287 1741 1529 1797; baseline -0.003 -15"><span class='ocrx_word' id='word_1_171' title='bbox 287 1741 457 1784; x_wconf 82' lang='lat' dir='ltr'><strong>Cavum</strong></span> <span class='ocrx_word' id='word_1_172' title='bbox 475 1777 486 1794; x_wconf 87' lang='lat'>‚</span> <span class='ocrx_word' id='word_1_173' title='bbox 517 1759 623 1786; x_wconf 87' lang='lat' dir='ltr'><strong>cum</strong></span> <span class='ocrx_word' id='word_1_174' title='bbox 653 1744 793 1786; x_wconf 86' lang='lat' dir='ltr'><strong>aliam</strong></span> <span class='ocrx_word' id='word_1_175' title='bbox 819 1745 1061 1786; x_wconf 85' lang='lat' dir='ltr'><strong>cavitatem</strong></span> <span class='ocrx_word' id='word_1_176' title='bbox 1092 1741 1232 1783; x_wconf 86' lang='lat' dir='ltr'><strong>habet</strong></span> <span class='ocrx_word' id='word_1_177' title='bbox 1262 1745 1422 1797; x_wconf 82' lang='lat' dir='ltr'><strong>praeter</strong></span> <span class='ocrx_word' id='word_1_178' title='bbox 1452 1752 1529 1778; x_wconf 86' lang='lat' dir='ltr'><strong>ca·-</strong></span> 
     </span>
     <span class='ocr_line' id='line_1_29' title="bbox 229 1803 745 1860; baseline 0.002 -16"><span class='ocrx_word' id='word_1_179' title='bbox 229 1815 338 1844; x_wconf 87' lang='lat' dir='ltr'><strong>vum</strong></span> <span class='ocrx_word' id='word_1_180' title='bbox 368 1803 712 1860; x_wconf 82' lang='lat' dir='ltr'><strong>germiniferum</strong></span> <span class='ocrx_word' id='word_1_181' title='bbox 735 1836 745 1845; x_wconf 91' lang='lat'><strong>.</strong></span> 
     </span>
    </p>

    <p class='ocr_par' dir='ltr' id='par_1_15' title="bbox 230 1858 1530 1981">
     <span class='ocr_line' id='line_1_30' title="bbox 288 1858 1530 1920; baseline -0.005 -17"><span class='ocrx_word' id='word_1_182' title='bbox 288 1860 580 1919; x_wconf 84' lang='lat' dir='ltr'><strong>Corrugatum</strong></span> <span class='ocrx_word' id='word_1_183' title='bbox 598 1896 609 1914; x_wconf 87' lang='lat'>‚</span> <span class='ocrx_word' id='word_1_184' title='bbox 636 1864 1079 1920; x_wconf 78' lang='lat' dir='ltr'><strong>contortuplica&#39;tum‚</strong></span> <span class='ocrx_word' id='word_1_185' title='bbox 1113 1861 1290 1904; x_wconf 82' lang='lat' dir='ltr'><strong>diversa</strong></span> <span class='ocrx_word' id='word_1_186' title='bbox 1311 1858 1530 1899; x_wconf 85' lang='lat' dir='ltr'><strong>directio-</strong></span> 
     </span>
     <span class='ocr_line' id='line_1_31' title="bbox 230 1922 1484 1981; baseline -0.001 -19"><span class='ocrx_word' id='word_1_187' title='bbox 230 1936 286 1963; x_wconf 89' lang='lat' dir='ltr'><strong>ne</strong></span> <span class='ocrx_word' id='word_1_188' title='bbox 318 1922 537 1979; x_wconf 85' lang='lat' dir='ltr'><strong>plieatum</strong></span> <span class='ocrx_word' id='word_1_189' title='bbox 557 1956 568 1974; x_wconf 92' lang='lat'>‚</span> <span class='ocrx_word' id='word_1_190' title='bbox 595 1931 640 1965; x_wconf 80' lang='lat' dir='ltr'><strong>et</strong></span> <span class='ocrx_word' id='word_1_191' title='bbox 672 1924 1108 1981; x_wconf 84' lang='lat' dir='ltr'><strong>contortuplieatum</strong></span> <span class='ocrx_word' id='word_1_192' title='bbox 1134 1955 1146 1974; x_wconf 83' lang='lat'>‚</span> <span class='ocrx_word' id='word_1_193' title='bbox 1179 1927 1233 1963; x_wconf 86' lang='lat' dir='ltr'><strong>ut</strong></span> <span class='ocrx_word' id='word_1_194' title='bbox 1263 1934 1446 1977; x_wconf 79' lang='lat' dir='ltr'><strong>germen</strong></span> <span class='ocrx_word' id='word_1_195' title='bbox 1473 1951 1484 1961; x_wconf 88' lang='lat'><strong>.</strong></span> 
     </span>
    </p>

    <p class='ocr_par' dir='ltr' id='par_1_16' title="bbox 290 1981 912 2040">
     <span class='ocr_line' id='line_1_32' title="bbox 290 1981 912 2040; baseline 0.003 -17"><span class='ocrx_word' id='word_1_196' title='bbox 290 1981 334 2037; x_wconf 81' lang='lat'><strong>§.</strong></span> <span class='ocrx_word' id='word_1_197' title='bbox 367 1984 438 2025; x_wconf 82' lang='lat'><strong>85.</strong></span> <span class='ocrx_word' id='word_1_198' title='bbox 470 1983 776 2040; x_wconf 83' lang='lat' dir='ltr'><strong>Cotyledones</strong></span> <span class='ocrx_word' id='word_1_199' title='bbox 807 1993 912 2025; x_wconf 85' lang='lat' dir='ltr'><strong>sunt</strong></span> 
     </span>
    </p>

    <p class='ocr_par' dir='ltr' id='par_1_17' title="bbox 233 2041 1528 2277">
     <span class='ocr_line' id='line_1_33' title="bbox 289 2041 1526 2100; baseline -0.004 -16"><span class='ocrx_word' id='word_1_200' title='bbox 289 2042 477 2085; x_wconf 76' lang='lat' dir='ltr'><strong>Carnosi</strong></span> <span class='ocrx_word' id='word_1_201' title='bbox 500 2077 512 2095; x_wconf 85' lang='lat'><em>,</em></span> <span class='ocrx_word' id='word_1_202' title='bbox 531 2044 747 2100; x_wconf 82' lang='lat' dir='ltr'><strong>foliacei‚</strong></span> <span class='ocrx_word' id='word_1_203' title='bbox 775 2045 989 2100; x_wconf 77' lang='lat' dir='ltr'><strong>punctati</strong></span> <span class='ocrx_word' id='word_1_204' title='bbox 1016 2076 1027 2093; x_wconf 92' lang='lat'>‚</span> <span class='ocrx_word' id='word_1_205' title='bbox 1074 2043 1272 2090; x_wconf 73' lang='lat' dir='ltr'><strong>nervosi,</strong></span> <span class='ocrx_word' id='word_1_206' title='bbox 1325 2041 1489 2082; x_wconf 77' lang='lat' dir='ltr'><strong>enervii</strong></span> <span class='ocrx_word' id='word_1_207' title='bbox 1515 2073 1526 2091; x_wconf 80' lang='lat'>‚</span> 
     </span>
     <span class='ocr_line' id='line_1_34' title="bbox 233 2102 1528 2162; baseline 0.007 -20"><span class='ocrx_word' id='word_1_208' title='bbox 233 2106 382 2158; x_wconf 81' lang='lat' dir='ltr'><strong>magni</strong></span> <span class='ocrx_word' id='word_1_209' title='bbox 410 2137 419 2153; x_wconf 92' lang='lat'>,</span> <span class='ocrx_word' id='word_1_210' title='bbox 447 2106 679 2147; x_wconf 80' lang='lat' dir='ltr'><strong>mediocres</strong></span> <span class='ocrx_word' id='word_1_211' title='bbox 704 2139 716 2156; x_wconf 77' lang='lat'>,</span> <span class='ocrx_word' id='word_1_212' title='bbox 756 2107 890 2162; x_wconf 72' lang='lat' dir='ltr'><strong>parvi</strong></span> <span class='ocrx_word' id='word_1_213' title='bbox 915 2139 925 2156; x_wconf 55' lang='lat'><strong>7</strong></span> <span class='ocrx_word' id='word_1_214' title='bbox 979 2106 1130 2160; x_wconf 77' lang='lat' dir='ltr'><strong>longi,</strong></span> <span class='ocrx_word' id='word_1_215' title='bbox 1177 2103 1323 2143; x_wconf 79' lang='lat' dir='ltr'><strong>hreveS</strong></span> <span class='ocrx_word' id='word_1_216' title='bbox 1351 2134 1361 2150; x_wconf 63' lang='lat'>2</span> <span class='ocrx_word' id='word_1_217' title='bbox 1408 2102 1491 2142; x_wconf 63' lang='lat' dir='ltr'><strong>lali</strong></span> <span class='ocrx_word' id='word_1_218' title='bbox 1517 2134 1528 2150; x_wconf 74' lang='lat'>²</span> 
     </span>
     <span class='ocr_line' id='line_1_35' title="bbox 233 2164 1526 2224; baseline 0.012 -21"><span class='ocrx_word' id='word_1_219' title='bbox 233 2166 447 2217; x_wconf 79' lang='lat' dir='ltr'><strong>angusti,</strong></span> <span class='ocrx_word' id='word_1_220' title='bbox 494 2169 631 2207; x_wconf 81' lang='lat' dir='ltr'><strong>crassi</strong></span> <span class='ocrx_word' id='word_1_221' title='bbox 661 2199 672 2216; x_wconf 86' lang='lat'>‚</span> <span class='ocrx_word' id='word_1_222' title='bbox 715 2167 965 2209; x_wconf 67' lang='lat' dir='ltr'><strong>verticillati</strong></span> <span class='ocrx_word' id='word_1_223' title='bbox 988 2199 998 2218; x_wconf 80' lang='grc'>,</span> <span class='ocrx_word' id='word_1_224' title='bbox 1055 2165 1253 2224; x_wconf 65' lang='lat' dir='ltr'><strong>oppositi</strong></span> <span class='ocrx_word' id='word_1_225' title='bbox 1282 2196 1293 2214; x_wconf 76' lang='lat'><em>2</em></span> <span class='ocrx_word' id='word_1_226' title='bbox 1326 2170 1370 2203; x_wconf 60' lang='lat' dir='ltr'><strong>Gt</strong></span> <span class='ocrx_word' id='word_1_227' title='bbox 1396 2197 1406 2214; x_wconf 67' lang='lat'><em>⁷</em></span> <span class='ocrx_word' id='word_1_228' title='bbox 1448 2164 1526 2219; x_wconf 71' lang='lat' dir='ltr'><strong>‘1¹¹i</strong></span> 
     </span>
     <span class='ocr_line' id='line_1_36' title="bbox 235 2222 730 2277; baseline 0.012 -13"><span class='ocrx_word' id='word_1_229' title='bbox 235 2222 425 2265; x_wconf 86' lang='lat' dir='ltr'><strong>solitarii</strong></span> <span class='ocrx_word' id='word_1_230' title='bbox 453 2258 463 2277; x_wconf 83' lang='grc'>,</span> <span class='ocrx_word' id='word_1_231' title='bbox 496 2227 699 2270; x_wconf 77' lang='lat' dir='ltr'><strong>laterales</strong></span> <span class='ocrx_word' id='word_1_232' title='bbox 721 2260 730 2269; x_wconf 90' lang='lat'>.</span> 
     </span>
    </p>
   </div>
  </div>
 </body>
</html>
