1669 2563
1272 118 1275 121 >
1307 92 1384 133 183

215 197 405 250 Scabrae,
442 196 665 247 echinatae,
695 194 998 252 pubescentes,
1023 194 1184 251 glabrae
1204 211 1230 237 a
1263 211 1452 254 praesen-

157 260 247 310 tia,
280 259 355 301 vel
387 257 567 300 defectu
598 254 980 312 corpusculorum
1009 257 1318 306 minimorum,
1344 271 1449 298 acu-

157 317 383 360 leolorum
412 350 423 368 ‚
456 325 536 358 aut
565 315 765 374 pilorum
795 318 842 356 in
873 312 1123 372 superficie.

153 378 306 422 Arista
336 378 502 418 dicitur

212 437 414 494 Simplex
435 468 447 486 ,
490 449 596 477 cum
621 431 806 491 aequalis
852 434 910 476 ab
940 435 1033 475 imo
1063 431 1122 475 ad
1154 447 1380 476 summum
1407 465 1418 475 .

213 497 357 539 Recta
380 528 392 547 ‚
422 504 655 537 recurvata
685 509 712 535 a
744 493 994 535 directione
1022 526 1033 536 .

221 555 505 606 Geniculata,
545 568 650 596 cum
682 552 821 596 hahet
850 554 1021 595 nodum
1051 585 1063 595 .

212 615 448 672 Infracta‚
479 630 586 655 cum
615 615 672 656 ad
703 614 874 655 nodum
906 611 1192 656 deflectitur.

219 675 358 717 Torta
387 674 461 716 vel
493 674 614 716 infra
646 673 910 733 geniculum
935 706 947 726 ‚
979 672 1054 716 vel
1085 680 1206 715 tota.
1237 671 1335 714 Haec
1361 671 1449 727 hy-

154 737 424 794 grometrica
453 742 520 776 est
542 767 552 776 .

213 795 457 847 Plumosa,
488 810 597 838 cum
628 809 822 853 superne
867 791 957 835 fert
1002 790 1121 852 pilos
1172 791 1335 851 plumae
1378 793 1450 831 in-

157 862 251 897 star
271 887 282 897 .

211 913 382 956 Scabra
414 929 439 956 a
470 912 757 971 corpusculis
786 914 983 955 minimis
1003 945 1013 955 .

223 975 486 1017 Terminalis
511 1007 523 1026 ‚
548 975 735 1018 dorsalis
760 1006 772 1026 ,
825 973 1031 1016 basilaris
1059 987 1087 1014 a
1130 971 1233 1015 loco
1258 1004 1270 1023 ,
1326 972 1447 1013 unde

155 1033 462 1093 proficiscitur
493 1066 504 1076 .

212 1094 475 1146 Femineas,
508 1094 694 1145 caduca,
730 1108 838 1136 cum
869 1100 1086 1147 remanet,
1110 1091 1185 1135 vel
1222 1092 1393 1134 decidit
1423 1107 1448 1133 a

156 1150 312 1211 gluma
338 1186 348 1196 .

216 1213 430 1269 Longior,
463 1212 632 1257 brevior
659 1213 830 1256 locusta
857 1246 869 1265 ,
900 1213 1074 1273 spicula
1096 1245 1107 1265 ,
1131 1213 1282 1270 gluma
1304 1244 1314 1254 .

157 1273 383 1316 Lodicula
413 1283 481 1316 est

222 1334 557 1389 Unipaleolata‚
589 1333 878 1391 bipaleolata,
909 1334 1216 1391 tripaleolata.

159 1391 350 1435 Paleolae
375 1396 554 1435 variant

213 1452 457 1503 Subulatae‚
491 1453 764 1504 lanceolam,
784 1461 939 1505 ovatoe,
965 1461 1181 1495 truncatoe
1199 1484 1211 1503 ‚
1242 1449 1448 1508 gibbosce‚

154 1513 349 1566 villosae,
381 1514 544 1556 ciliatae
574 1545 584 1555 .

707 1631 745 1675 S
737 1633 887 1690 padix
904 1665 914 1675 .

215 1751 334 1808 §.34
357 1751 568 1810 Spadicis
586 1753 765 1794 nomine
786 1752 988 1795 diversos
1008 1750 1344 1794 inflorescentiae
1364 1765 1456 1792 mo-

157 1809 237 1854 dos
266 1813 708 1871 comprehenderunt
738 1821 948 1854 auctores
971 1845 983 1864 ,
1027 1815 1093 1854 ita
1147 1820 1200 1853 ut
1232 1828 1287 1853 ex
1328 1812 1452 1852 hisce

159 1870 340 1915 difficile
373 1876 430 1916 sit
463 1874 690 1931 spadicem
722 1871 908 1915 definire
936 1906 946 1915 .
989 1873 1086 1915 Nos
1138 1871 1454 1930 perspicuitati

160 1933 385 1975 studentes
418 1937 619 1990 primum
668 1936 944 1982 statuimus,
999 1935 1222 1990 spadicem
1270 1934 1455 1989 proprie

160 1993 322 2033 dictum
353 1991 450 2035 fieri
482 1993 772 2050 receptaculo
806 1994 1016 2044 indiviso,
1051 1992 1295 2050 producto,
1329 1989 1455 2049 quod

160 2052 411 2094 involvitur
436 2056 668 2112 perigonio
701 2053 927 2112 simplici,
955 2053 1195 2110 spathaceo
1221 2085 1232 2104 ,
1272 2062 1317 2095 et
1367 2050 1456 2092 fert

162 2113 210 2152 in
246 2111 534 2170 longitudine
567 2129 648 2155 sua
689 2122 789 2156 tum
849 2115 1071 2163 stamina,
1129 2121 1228 2155 tum
1277 2110 1456 2170 pistilla

161 2171 276 2214 locis
308 2173 497 2218 diversis
519 2206 531 2226 ,
559 2173 632 2218 vel
656 2173 796 2218 simul
825 2177 970 2218 mlxta
988 2207 999 2218 .
1047 2173 1220 2233 Spadix
1249 2174 1334 2215 iste
1379 2184 1456 2211 vo-

161 2239 293 2275 catur
