1669 2563
227 188 313 227 312

166 298 212 332 et
251 286 511 348 spetrificum
564 285 748 344 ponitur
798 297 905 325 casu
952 288 1110 333 rect0,
1151 282 1333 340 reliquae
1385 297 1460 325 ve-

167 366 219 392 ro
272 357 386 391 notae
436 362 545 389 casu
590 345 794 388 ablativo
814 376 825 394 ,
857 342 1058 385 exclusis
1084 341 1328 400 particulis
1357 358 1463 384 con-

165 412 385 467 junctivis
406 442 417 460 ,
449 407 522 449 vel
553 405 866 462 disjunctivis,
895 411 940 445 et
971 402 1252 460 parenthesi3
1280 403 1463 445 demum

162 469 350 528 phrases
384 469 525 527 partis
555 468 722 518 unius,
753 480 779 506 a
808 463 1052 522 phrasibus
1084 462 1277 505 alterius
1317 465 1464 521 partis

162 531 305 589 probe
339 530 687 586 distinguuntur
712 558 722 566 .

227 591 271 647 §.
310 592 404 646 187.
439 588 610 630 Verum
635 585 747 626 dum
777 583 834 625 ad
867 581 1163 625 declarandas
1194 581 1462 640 plantarum

163 652 335 708 species
359 682 370 700 ,
402 657 539 707 atque
569 645 848 688 differentIas
873 642 1071 685 multum
1107 642 1286 685 confert
1321 641 1464 700 phra-

165 713 226 752 sis
257 707 493 768 specifica,
523 707 657 765 longe
688 707 832 763 magis
862 704 919 745 ad
950 703 1040 745 haec
1084 703 1242 745 eadem
1288 702 1460 744 condu-

163 773 229 811 cit
258 773 399 811 totius
432 768 593 826 plantae
623 766 868 821 descriptio
903 796 914 814 ,
938 766 1109 821 quippe
1141 778 1238 820 quae
1270 764 1461 805 univer-

163 845 264 872 sum
297 829 457 888 plantae
502 827 713 868 habitum
763 825 881 865 sistit
905 855 917 873 ‚
951 832 1090 880 atque
1143 823 1425 865 demonstrat
1447 855 1457 865 .

162 890 262 932 Haec
292 922 302 939 ,
336 896 389 929 ut
419 885 623 944 perfecta
653 887 712 926 sit
738 915 749 933 ,
790 882 995 923 ordinem
1025 915 1036 933 ,
1081 898 1174 940 quo
1223 884 1458 940 descriptae

161 956 316 1007 partes
346 946 622 990 evolvuntur
649 977 660 994 ,
701 943 830 999 sequi
879 941 1050 990 debet3
1099 943 1203 984 ideo
1256 945 1459 1000 primum

162 1016 269 1066 agat
299 1007 355 1048 de
386 1006 539 1048 radice
571 1038 583 1056 ,
606 1003 768 1045 deinde
796 1033 808 1053 ,
831 1008 876 1042 et
906 1003 1158 1043 successive
1196 1002 1252 1043 de
1281 1001 1414 1045 caule
1442 1035 1454 1053 ‚

163 1069 355 1126 gemmis
381 1100 392 1117 ,
420 1066 545 1109 foliis
563 1098 574 1116 ,
608 1062 779 1122 petiolo
809 1093 820 1111 ,
855 1060 1039 1118 stipulis
1063 1093 1076 1112 ,
1125 1063 1259 1103 cirris
1282 1093 1294 1112 ,
1329 1059 1457 1103 inflo-

161 1129 385 1170 rescentia
413 1160 423 1177 ,
457 1123 734 1184 pedunculis
756 1155 766 1172 ,
795 1122 991 1163 bracteis
1010 1154 1021 1172 ,
1055 1122 1359 1179 partibusque
1380 1120 1459 1162 flo-

160 1191 256 1239 ris,
300 1195 344 1229 et
386 1186 598 1228 fructus.
651 1184 950 1238 summopere
1004 1191 1159 1223 autern
1202 1181 1457 1223 cavendum

159 1256 229 1289 est
256 1280 267 1298 ,
299 1263 352 1288 ne
384 1247 631 1303 descriptio
665 1246 723 1287 sit
752 1256 942 1292 manca,
974 1249 1056 1283 aut
1085 1243 1209 1298 justo
1241 1241 1422 1299 longior
1443 1275 1456 1292 ‚

157 1310 226 1349 ita
257 1316 310 1347 ut
340 1307 413 1349 vel
443 1312 701 1348 constantes
728 1336 739 1354 ,
784 1304 1127 1360 praecipuosque
1170 1302 1457 1344 characteres

157 1370 342 1409 omittat
366 1401 377 1418 ,
409 1366 482 1409 vel
529 1362 832 1408 accidentales
855 1394 866 1412 ,
899 1370 945 1403 et
993 1360 1248 1420 superfluos
1296 1370 1456 1422 praeter

161 1436 420 1471 constantes
449 1428 627 1469 minute
657 1425 793 1466 nimis
822 1422 1041 1465 exhibeat
1066 1456 1076 1466 .

519 1546 751 1590 stationes
786 1543 1051 1602 plantarum
1080 1576 1090 1586 .

216 1667 261 1724 ξ.
299 1670 394 1710 188.
428 1667 610 1726 Species
654 1665 918 1725 plantarum
956 1664 1004 1706 id.
1034 1678 1221 1722 quoque
1253 1662 1455 1722 peculia-

156 1744 204 1769 re
238 1729 407 1770 habent
430 1762 440 1780 ‚
472 1736 525 1769 ut
555 1727 657 1769 loca
691 1727 778 1769 sibi
828 1727 1016 1784 propria
1047 1724 1241 1782 seligant
1269 1757 1280 1774 ,
1313 1732 1452 1780 atque

155 1788 442 1830 inhabitent.
468 1789 583 1830 Hinc
615 1786 712 1828 aliae
742 1788 790 1827 in
820 1786 1081 1828 editissimis
1112 1785 1339 1826 montitim
1375 1799 1456 1825 ca-

156 1850 420 1896 cuminibus
441 1881 452 1898 ,
483 1849 580 1889 aliae
611 1847 924 1896 demissiores,
957 1844 1054 1887 aliae
1080 1845 1126 1885 in
1159 1842 1349 1901 planitie
1380 1860 1453 1885 re-

157 1910 400 1965 periuntur
421 1941 431 1958 ,
465 1908 528 1949 hae
559 1922 692 1956 arva,
725 1905 812 1947 illae
845 1905 1032 1956 littora,
1065 1904 1270 1961 quaedam
1295 1919 1452 1945 nemo-

157 1984 208 2010 ra
237 2001 247 2019 ,
278 1976 324 2010 et
367 1968 518 2024 sylvas
542 2000 553 2017 ,
597 1966 801 2024 quaedam
849 1964 992 2007 colles
1015 1997 1026 2016 ,
1072 1973 1117 2005 et
1154 1963 1258 2004 loca
1297 1966 1454 2021 aprica

157 2037 427 2086 praeponunt
446 2061 457 2079 ,
490 2027 696 2085 plurimae
717 2027 764 2066 in
796 2027 938 2075 sicco,
969 2022 1124 2065 multae
1148 2026 1266 2065 intra
1287 2039 1454 2081 aquam

156 2088 473 2130 diversantur.
507 2087 595 2130 Sed
630 2085 755 2144 quod
788 2087 931 2143 magis
961 2084 1221 2126 mirandum
1255 2092 1350 2134 est,
1384 2087 1455 2125 in-

156 2156 265 2190 sunt
313 2151 516 2206 species,
550 2150 641 2189 imo
685 2148 865 2203 integrae
920 2144 1179 2203 plantarum
1232 2143 1413 2186 familiae
1442 2177 1453 2194 ‚

157 2224 255 2266 quae
285 2225 311 2250 a
343 2209 617 2250 stationibus
647 2240 658 2258 ,
689 2205 926 2264 plagisque
959 2203 1306 2262 peculiaribus,
1339 2220 1454 2261 quas

156 2268 366 2312 incolunt
390 2302 400 2319 ,
432 2284 536 2310 raro
570 2268 626 2310 ad
657 2266 771 2308 alias
802 2268 998 2323 migrent
1026 2298 1037 2316 ,
1071 2265 1184 2306 adeo
1229 2272 1283 2306 ut
1329 2263 1456 2321 plan-

159 2338 211 2371 tae
263 2328 600 2388 aequinoctiales
653 2330 733 2369 vix
793 2325 918 2368 ultra
978 2340 1147 2384 zonam·
1191 2325 1410 2367 torridam
1443 2357 1455 2373 ,
