1669 2563
293 89 375 130 226

292 193 337 248 ξ.
370 192 447 235 61.
477 190 771 248 Syncarpium
825 189 1040 231 Richardi
1069 221 1080 238 ‚
1114 187 1377 245 Polysecum
1412 186 1526 229 Des-

233 255 414 302 vauxii,
447 249 495 292 fit
518 251 728 309 pluribus
753 249 967 307 cal-pellis
986 282 996 299 ,
1017 263 1114 305 quae
1134 263 1255 289 nunc
1277 247 1526 304 drupeolae‚

235 327 354 353 nunc
376 312 550 353 achenae
582 319 709 361 sunt,
735 318 779 351 et
808 309 1055 367 affiguntur
1089 306 1378 365 receptaculo
1410 321 1530 348 com-

234 375 362 413 muni
397 386 581 414 succoso
604 404 615 421 ‚
651 370 724 412 vel
755 383 976 411 exsuccc.
1011 368 1153 409 Ludit

294 431 530 474 Globosum
551 463 561 481 ,
593 430 825 486 oblongum
853 462 864 481 ‚
907 429 1229 486 cylindraceum
1254 459 1265 477 ,
1297 427 1495 468 conicum
1519 457 1531 475 ‚

234 506 459 535 succosum
487 524 498 541 ,
548 492 790 532 coloratum
816 522 827 541 ,
861 503 1112 531 exsuccum.

293 551 338 607 ξ.
371 552 443 594 62.
474 550 801 608 Cynarlzodium
831 549 1083 591 Desvauxii
1113 553 1290 589 constat
1318 544 1536 603 pluribus

236 611 422 653 nuculiS
456 612 675 669 gregariis
699 642 710 660 ‚
745 608 1045 667 parietalibus
1068 641 1078 658 ‚
1108 608 1224 649 idest
1263 605 1540 648 haerentibus

239 671 531 729 receptaculo
562 683 760 727 expanso
780 701 791 719 ‚
823 676 868 710 et
899 667 1286 710 conferruminato
1318 680 1428 707 cum
1469 678 1540 704 ca-

236 732 341 787 lyce
374 744 564 772 carnoso
593 761 604 780 ,
637 728 872 770 urceolato
900 760 911 778 ‚
947 727 1247 769 indehiscenti
1273 757 1282 767 .
1334 724 1539 766 Vocatur

296 790 532 832 Globosum
550 820 562 839 ,
594 797 769 830 ovatum
795 820 806 838 ‚
839 786 1072 844 oblongum
1096 820 1107 838 ‚
1137 785 1335 843 glabrum
1363 817 1375 836 ‚
1407 783 1542 840 hispi-

238 852 341 892 dum
360 882 371 891 .

298 909 343 965 §.
377 908 450 954 63.
483 906 716 948 Dieresilis
748 903 950 947 Mirhelii
970 937 981 956 ,
1029 904 1291 959 Sterigmum
1344 903 1543 945 Desvau-

239 970 322 1019 xii,
350 970 499 1010 oritur
539 982 565 1008 a
597 965 814 1024 pluribus
843 963 1044 1023 capsulis
1091 962 1368 1021 partialibus
1422 965 1545 1003 circa

239 1043 372 1070 axem
414 1025 727 1069 columnarem
757 1025 1007 1082 dispositis,
1039 1032 1085 1066 et
1108 1029 1212 1064 ante
1234 1023 1544 1063 maturitatem

240 1091 359 1130 inter
397 1103 442 1129 se
474 1103 519 1129 se
549 1086 693 1128 latere
725 1084 1000 1127 haerentibus
1021 1117 1033 1136 ,
1067 1082 1141 1126 vel
1179 1081 1509 1139 approximatis
1533 1112 1544 1130 ,

240 1162 338 1206 quae
368 1180 380 1198 ,
419 1162 526 1188 cum
556 1146 868 1188 maturuerint
891 1177 903 1195 ,
964 1149 1234 1202 separantur
1257 1174 1268 1194 ,
1326 1148 1372 1182 et
1420 1139 1550 1182 hiant

243 1216 403 1250 sutura
446 1209 625 1248 interna
647 1239 657 1248 .
689 1203 927 1247 Dieresilis
958 1204 1130 1245 dicitur

313 1267 356 1312 V
354 1269 571 1310 esiculosa
590 1299 601 1317 ‚
658 1267 863 1322 depressa
890 1297 902 1316 ‚
935 1265 1162 1321 spiraliter
1213 1268 1417 1303 contorta
1439 1291 1450 1310 ‚
1484 1272 1551 1300 re-

244 1337 338 1378 cta,
360 1331 539 1378 mutica,
565 1335 773 1379 rostrata,
791 1325 1002 1376 caudata,
1027 1326 1166 1377 nuda,
1191 1320 1385 1365 orbiculo
1417 1327 1553 1370 tecta,

241 1397 466 1448 punctam
491 1420 502 1439 ‚
534 1395 777 1429 transverse
807 1398 995 1441 rugosa.

305 1447 489 1490 Sursum
520 1448 750 1497 revoluta,
788 1459 897 1486 cum
931 1441 1125 1502 capsulae
1175 1441 1376 1483 caudatae
1399 1472 1411 1490 ‚
1468 1438 1551 1479 ubi

248 1509 556 1551 maturuerint
576 1539 587 1559 ,
620 1504 907 1548 divelluntur
941 1519 967 1546 a
999 1501 1289 1560 receptaculo
1314 1532 1325 1550 ‚
1373 1513 1553 1542 sursum

248 1567 550 1611 revolvuntur
579 1599 590 1618 ,
635 1575 681 1608 et
722 1563 978 1607 columellae
1030 1571 1228 1606 rostratae
1277 1559 1425 1602 cauda
1480 1573 1556 1599 ex-

248 1637 395 1670 trema
426 1628 590 1670 haerere
622 1633 845 1685 pergunt.

308 1688 352 1744 §.
387 1686 458 1742 64.
486 1688 838 1744 Plopocarpium
861 1683 1113 1726 Desvauxii
1133 1682 1421 1724 constituunt
1447 1676 1557 1735 plu-

249 1763 320 1791 res
350 1747 543 1805 capsulae
575 1747 792 1788 distinctae
817 1776 827 1795 ,
861 1752 907 1785 et
950 1746 1067 1785 inter
1100 1758 1170 1793 se,
1199 1749 1243 1782 et
1274 1756 1300 1782 a
1346 1739 1557 1797 partibus

249 1809 512 1850 accessoriis
543 1806 710 1856 liberae,
743 1803 1085 1855 uniloculares,
1119 1801 1393 1860 plerumque
1425 1796 1558 1856 poly-

250 1870 453 1926 spermiae
481 1899 493 1917 ‚
539 1863 832 1924 receptaculo
875 1878 998 1905 nunc
1042 1862 1178 1922 plano
1207 1893 1218 1912 ‚
1255 1873 1377 1903 nunc
1428 1856 1558 1899 colu-

252 1930 401 1970 mnari
433 1926 574 1972 affixae
597 1958 607 1969 .

612 2045 877 2102 Pericarpiu
919 2050 1164 2101 aggregata
1183 2074 1194 2084 .

315 2168 361 2225 §.
392 2167 464 2211 65.
496 2166 756 2223 Pericarpia
776 2163 979 2223 quaedam
1000 2161 1242 2220 simplicia,
1266 2160 1383 2200 intra
1400 2156 1560 2198 distin-

255 2237 354 2272 ctos
385 2226 516 2270 flores
550 2234 761 2270 contenta
792 2239 901 2283 saepe
936 2225 1314 2282 approximantur
1359 2221 1475 2260 inter
1516 2232 1560 2258 se
