1669 2563
1347 161 1402 218 93

182 273 419 322 retineant,
450 265 677 317 animalia,
709 273 762 307 ut
791 263 1052 322 expellant.
1079 264 1196 306 Huic
1224 266 1288 307 rei
1320 264 1474 307 favent

186 334 334 374 noctis
377 331 567 372 tenebrae
604 340 687 383 pro
740 325 939 383 plantis,
1000 323 1152 365 favent
1178 340 1260 381 pro
1308 328 1477 367 anima-

182 392 305 435 libus
330 391 534 437 tenehrae,
551 401 648 444 quae
671 388 716 426 in
738 399 851 426 cavo
879 384 1079 425 thoracis
1101 392 1206 424 sunt
1229 415 1238 424 .
1264 383 1378 426 Item
1401 400 1476 425 ex-

184 451 441 509 spirationis
466 462 624 489 eorum
640 448 791 487 exitus
811 445 944 502 longe
965 444 1185 484 diversus.
1212 441 1332 483 Nam
1353 443 1478 499 plan-

182 520 235 553 1>ae
264 524 412 553 aerem
444 508 722 564 oxygenium
755 519 938 563 purum,
973 502 1190 545 animalia
1214 516 1364 543 aerem
1388 505 1477 543 aci-

184 572 295 614 dum
325 568 623 610 carbonicum
654 575 811 624 praeter
848 564 1027 621 reliqua
1058 564 1276 604 emittunt
1295 593 1305 602 .
1360 562 1477 603 Hinc

180 630 324 672 altera
355 643 425 670 res
456 627 589 669 altori
610 659 621 677 ‚
654 634 818 668 natura
848 627 913 666 ita
941 625 1131 680 jubente
1160 654 1172 673 ,
1228 619 1477 670 salutari33

178 704 375 746 cumque
406 704 483 729 aer
509 687 668 728 acidus
696 687 968 729 carbonicus
1000 684 1177 724 diutius
1210 683 1334 722 intra
1385 682 1479 721 ani-

179 749 317 790 malia
346 748 619 790 delitescens
649 746 745 789 illis
776 747 973 787 maxime
1004 742 1226 792 infensus,
1259 748 1320 791 et,
1351 743 1472 782 vita-

180 809 211 850 li
239 811 283 852 vi
316 808 548 850 destructa
574 841 585 859 ,
618 815 863 849 venenatus
888 837 899 855 ,
931 812 1091 846 contra
1122 817 1263 860 quam
1295 802 1477 841 contin-

179 871 247 927 git
279 871 324 909 in
357 868 525 927 plantis
552 900 564 919 ,
595 869 741 924 igitur
774 866 1041 908 brevissima
1072 865 1191 903 inter
1224 862 1484 918 inspIratio-

180 944 297 979 nem,
319 936 364 970 et
383 928 737 985 exspirationem
768 923 1012 969 intervalla
1042 920 1324 966 animalibus
1354 920 1478 970 data,

183 989 354 1047 plantis
383 1003 493 1033 vero
524 987 790 1045 longissima
816 1018 827 1029 .

494 1106 625 1152 Unde
659 1106 857 1150 viriditas
884 1104 1150 1163 plantarum
1160 1134 1171 1145 .

242 1228 288 1285 ς.
321 1227 424 1284 296.
454 1225 506 1268 In
537 1225 846 1284 quorumdam
895 1221 1165 1265 animalium
1218 1220 1486 1279 respiratio-

184 1304 239 1331 ne
271 1288 364 1329 (luo
389 1289 678 1346 potissimum
710 1287 953 1327 observatu
986 1283 1124 1339 digna
1153 1282 1288 1323 nobis
1340 1296 1386 1322 se
1439 1296 1487 1321 se

187 1349 409 1406 praebent,
443 1346 619 1388 scilicet
650 1347 832 1403 sanguis
861 1357 1085 1385 venarum
1108 1374 1119 1392 ,
1152 1342 1235 1399 qui
1267 1349 1368 1382 atro
1400 1354 1482 1380 111-

184 1410 329 1450 bescit
356 1407 512 1448 colore
529 1438 541 1457 ,
573 1404 623 1446 fit
652 1405 751 1448 laete
783 1405 982 1452 rubens;
1010 1404 1157 1443 oritur
1182 1403 1369 1459 insuper
1395 1399 1483 1441 hoc

185 1471 284 1524 ipso
316 1475 519 1524 tempore
541 1464 668 1507 calor
687 1497 699 1515 ,
730 1466 812 1522 qui
841 1462 996 1504 vitalis
1028 1461 1155 1502 calor
1186 1468 1268 1510 est,
1315 1468 1360 1501 et
1389 1474 1488 1501 am-

186 1528 356 1569 bientis
380 1528 501 1577 aeris
544 1526 811 1581 temperiem
848 1522 1049 1563 devincit
1075 1552 1085 1562 .
1117 1521 1188 1561 An
1239 1519 1398 1561 eadem
1439 1522 1487 1560 in

186 1586 450 1645 plantarum
481 1585 780 1642 respiratione
812 1582 1110 1637 contingunt?

245 1646 291 1702 §.
324 1661 425 1704 297.
457 1643 700 1688 Naturalis
731 1642 1011 1702 plantarum,
1035 1648 1081 1682 et
1111 1640 1336 1697 praecipue
1358 1635 1491 1679 folio-

192 1721 296 1748 rum
348 1705 477 1748 color
496 1737 508 1756 ,
541 1707 622 1763 qui
653 1705 767 1747 adeo
799 1701 960 1744 oculos
991 1708 1171 1742 nostros
1201 1706 1378 1740 recreat
1402 1730 1414 1748 ,
1446 1705 1492 1739 et

190 1765 336 1809 reficit
353 1799 364 1817 ,
397 1765 559 1809 viridis
582 1771 650 1808 est
677 1797 688 1807 .
716 1764 1002 1807 Carbonium
1027 1761 1323 1818 purissimum
1349 1760 1396 1799 in
1420 1756 1492 1799 fo-

189 1826 360 1869 liorum
404 1825 757 1885 parenchymate
803 1825 921 1864 inter
972 1819 1288 1878 respirandum
1341 1820 1491 1875 primo

192 1886 433 1937 subsidet,
477 1900 675 1943 cumque
727 1882 856 1926 color
902 1882 1002 1939 eJ'us
1031 1883 1160 1939 niger
1185 1911 1197 1930 ‚
1253 1877 1493 1921 cellularis

194 1961 307 1989 vero
340 1947 604 1990 substantiae
634 1945 794 1989 albens
823 1946 883 1986 sit
911 1975 922 1993 ‚
950 1958 1007 1984 ex
1061 1941 1230 1982 horum
1279 1941 1487 1981 mixtura

192 2006 403 2049 colorum
442 2007 604 2051 viridis
641 2005 770 2048 color
813 2005 961 2046 oritur
987 2035 997 2053 ,
1025 2000 1321 2044 Sennebierio
1354 1999 1491 2040 adno-

196 2074 339 2109 tante.
364 2067 480 2109 Hinc
509 2080 606 2124 quae
637 2066 799 2125 plantae
843 2064 1014 2122 degunt
1041 2064 1089 2104 in
1142 2061 1349 2103 obscuris
1368 2091 1379 2110 ,
1412 2073 1494 2099 nec

197 2125 427 2170 solaribus
453 2128 609 2170 *radiis
638 2142 780 2185 quam
809 2124 1045 2167 liberrime
1094 2120 1386 2169 afficiuntur,
1441 2126 1494 2159 ut

200 2185 346 2228 officio
375 2186 625 2246 fungantur
657 2186 971 2245 respirationis
997 2216 1009 2236 ‚
1041 2180 1283 2242 squalent,
1315 2188 1361 2222 et
1392 2177 1493 2236 pal-

200 2245 407 2289 lescunt.

261 2306 307 2362 ᾗ.
339 2307 440 2366 298.
471 2306 568 2352 Nec
623 2306 768 2359 obest,
819 2304 946 2364 quod
997 2305 1046 2346 in
1099 2298 1493 2360 Frisbergensium
