1669 2563
284 87 368 126 232

281 188 518 231 Globosum
536 221 547 239 ‚
577 187 850 245 globulosum
869 221 878 239 ,
908 187 1229 245 subglobosum,
1259 190 1491 232 rotundum
1520 223 1530 241 ‚

219 249 538 291 subrotundutn
570 283 579 298 ‚
610 249 808 291 cubicum
833 282 842 290 .

278 309 599 365 Ellipsoideum
628 342 639 359 ‚
692 311 825 364 eujus
875 308 1120 352 diametros
1182 307 1532 364 longitudinalis

221 383 312 410 una
347 372 445 412 vice
477 385 580 410 cum
611 370 831 419 dimidia,
865 368 936 411 vel
970 369 1156 410 duabus
1189 369 1369 410 vicibus
1425 367 1530 410 lon-

217 431 317 486 gior
351 429 574 471 diametro
607 437 859 471 transversa
886 461 897 479 ‚
932 430 1247 471 extremitates
1291 441 1399 469 vero
1431 429 1531 484 ejus

218 490 457 546 utrinque,
491 498 535 529 et
565 489 797 546 aequaliter
827 503 1051 538 convexae‚
1085 496 1225 545 atque
1259 487 1429 529 obtusae
1449 519 1460 529 .

277 548 521 590 Ovoideutn
549 581 559 599 ‚
609 549 755 591 forma
788 550 861 590 ovi
889 582 899 600 ,
934 549 1053 590 idest
1083 549 1375 590 convexitate
1409 546 1531 588 alte-

219 611 317 651 rius
347 611 647 651 extremitatis
678 609 841 650 latiore
866 641 876 659 ‚
912 608 1109 650 alterius
1141 622 1251 650 vero
1290 609 1528 665 angustio-

219 685 268 711 re
293 701 304 720 ,
340 669 632 726 productiore
653 702 662 710 .
695 669 936 726 Proportio
968 668 1297 710 diametrorum
1327 667 1484 709 eadem
1509 699 1521 718 ‚

221 743 274 771 ac
307 728 389 770 illa
424 730 606 770 seminis
638 727 896 785 ellipsoidei
916 760 926 769 .

277 787 654 844 Lacrimoeforme,
688 787 772 828 hoc
805 795 871 829 est
921 787 1162 828 ovoideum
1191 819 1202 837 ,
1253 784 1398 829 altera
1448 803 1524 829 ex-

216 850 443 889 tremitate
492 847 768 904 productum
798 879 808 897 ‚
842 855 1027 888 acutum
1053 879 1063 897 ,
1097 847 1290 889 subinde
1331 862 1523 904 corpore

212 921 531 963 compressum
556 938 566 946 .

275 967 541 1022 Elliptc'cum
565 997 575 1015 ‚
613 963 847 1021 oblongum
872 997 882 1015 ,
917 963 1188 1005 turbinatam
1212 997 1223 1015 ,
1256 965 1482 1022 reniforme
1509 998 1518 1007 .

275 1025 460 1067 Rectum
479 1057 489 1076 ,
515 1025 796 1075 rectilineum,
828 1033 1073 1074 curvatum,
1096 1032 1327 1066 arcuatum
1351 1057 1362 1076 ,
1391 1025 1517 1083 quod

218 1086 391 1127 incedit
416 1085 536 1126 linea
567 1092 691 1126 recta
716 1116 728 1134 ‚
761 1083 834 1125 vel
867 1083 1030 1126 leniter
1060 1099 1202 1125 curva
1225 1115 1235 1125 .

276 1146 521 1187 Recurvum
541 1177 551 1194 ‚
586 1153 855 1186 recurvatum
878 1177 890 1195 ,
941 1143 1054 1186 adeo
1099 1152 1152 1186 ut
1209 1146 1521 1186 extremitates

215 1206 317 1261 ejus
342 1207 722 1262 approximentur
750 1236 760 1246 .

273 1266 586 1322 Replicatum‚
623 1272 714 1305 tam
746 1262 926 1306 fortiter
977 1261 1196 1305 reflexum
1222 1296 1233 1315 ‚
1265 1271 1319 1305 ut
1368 1271 1519 1321 partes

215 1341 260 1368 se
293 1342 337 1367 se
370 1333 556 1383 tangant
581 1357 592 1375 ‚
624 1332 672 1365 et
702 1324 895 1366 subinde
927 1324 1211 1366 coalescant.

271 1386 470 1428 Planum
491 1418 502 1435 ‚
535 1398 827 1441 compressum
852 1416 864 1436 ,
900 1384 1171 1435 orbiculare,
1205 1384 1468 1439 angulosum
1504 1416 1514 1425 .

276 1446 562 1489 Lenticulam²
587 1477 598 1495 ‚
632 1446 850 1501 utrinque
896 1443 1306 1487 convexiusculum
1330 1476 1342 1495 ‚
1395 1459 1518 1485 mar-

210 1507 315 1564 gine
355 1505 610 1548 orbiculari
645 1512 883 1546 attenuato
911 1537 921 1546 .

269 1567 557 1608 Discoideum
582 1598 593 1616 ,
627 1563 986 1607 crassiusculum
1011 1596 1022 1615 ‚
1056 1566 1276 1622 utrinque
1302 1562 1509 1622 planum,

211 1627 547 1668 circumdatum
579 1627 784 1682 margine
816 1624 1092 1674 orbiculari,
1125 1625 1311 1667 obtuso.

270 1686 539 1743 Scobeforme
566 1718 577 1736 ,
611 1692 748 1727 tenue
779 1700 942 1727 rasurae
973 1684 1088 1742 ligni
1118 1717 1130 1736 ‚
1161 1692 1243 1726 aut
1273 1683 1424 1726 sabuli
1452 1692 1514 1726 te-

211 1749 389 1788 nuioris
421 1749 561 1787 instar
589 1777 599 1786 .

270 1806 630 1848 Canaliculatum
661 1804 790 1846 sulco
822 1802 1051 1862 profundo
1076 1802 1401 1861 longitudinali
1435 1836 1446 1845 .

270 1866 482 1908 Glabrunz
500 1899 511 1917 ‚
543 1867 633 1908 leve
657 1896 668 1915 ‚
701 1866 887 1907 nitidum
910 1898 922 1917 ‚
966 1867 1170 1907 striatam
1195 1897 1206 1915 ‚
1259 1866 1479 1906 sulcatum
1502 1897 1514 1915 ,

217 1929 494 1970 reticulatum
518 1958 529 1976 ,
563 1939 767 1980 rugosum
793 1957 803 1967 .

275 1987 557 2029 Alveolntutn
576 2019 586 2037 ,
613 1984 891 2041 foveolutum
920 2017 931 2034 ,
965 1991 1237 2026 excavatum
1282 1983 1475 2026 alveolis
1500 2017 1510 2034 ,

213 2048 372 2090 ordine
407 2046 608 2105 regulari
638 2046 773 2101 juxta
803 2060 847 2087 se
877 2046 1072 2087 invicem
1104 2047 1263 2102 positis
1309 2044 1400 2086 savi
1446 2046 1513 2085 in-

216 2116 307 2150 star
336 2142 345 2150 .

271 2167 651 2217 Scrobiculatum‚
685 2173 956 2207 excavatum
1001 2163 1277 2207 scrobiculis
1332 2167 1514 2222 irregu-

211 2226 386 2271 laribus
417 2262 427 2279 ,
462 2237 544 2269 aut
576 2243 716 2285 prope
753 2224 1090 2284 irregularibus
1114 2258 1123 2268 .
