1669 2563
1321 163 1403 206 277

166 247 462 284 transversam
492 244 710 298 majorem
738 244 962 288 diametro
1004 246 1330 306 longitudinali
1361 287 1371 306 ‚
1416 264 1461 298 et

167 305 267 343 sinu
299 301 393 343 lato
423 303 520 344 basi
552 312 771 345 excavata
797 336 809 354 ‚
844 308 963 348 renis
987 308 1128 349 instar
1147 341 1157 350 .

225 360 410 402 Lunata
431 393 442 411 ,
475 375 647 414 curva,
678 362 828 405 multo
872 364 1067 419 latiora,
1097 383 1235 424 quam
1288 371 1461 431 longio-

167 436 218 462 ra
244 453 254 471 ‚
290 419 460 477 petiolo
491 422 660 464 inserto
696 425 745 465 in
782 423 933 467 medio
963 435 1220 469 curvaturae
1241 461 1253 479 ,
1281 434 1463 490 angulis

166 481 352 537 posticis
383 483 533 522 acutis
560 512 569 521 .

222 538 452 595 Sagittata
475 570 486 589 ,
519 539 853 599 triangularia‚
884 556 1084 599 quorum
1117 546 1279 603 anguli
1321 553 1464 605 posti-

162 599 205 641 ci
231 605 336 639 sunt
365 598 607 655 producti,
639 604 791 653 acuti,
823 602 1049 646 lateribus
1074 608 1208 647 rectis
1229 609 1462 661 instructi,

165 665 212 700 et
244 659 346 700 sinu
378 659 610 718 triangulo
643 661 777 704 divisi
808 694 818 704 .

218 716 439 769 Hastam,
475 722 686 778 sagittata
706 754 717 772 ,
745 719 926 781 angulis
958 725 1148 780 posticis
1178 725 1463 778 divaricatis,

159 783 206 818 et
234 779 454 835 utrinque
475 779 531 821 ad
564 784 802 824 exteriora
834 786 1040 826 recurvis
1065 816 1075 826 .

219 835 401 888 Aur-ita,
438 842 695 883 auriculam
714 874 724 893 ,
753 841 968 901 oblonga,
995 843 1115 886 infra
1147 845 1291 887 basim
1316 845 1466 888 utrin-

159 910 250 954 que
279 905 416 940 aucta
441 901 693 958 appendice
727 901 921 945 foliacea
939 935 951 954 ,
1005 903 1281 947 horizontali
1304 938 1316 957 ‚
1364 906 1466 949 lan-

164 956 347 999 ceolata
369 991 380 1001 .

219 1016 491 1061 Pandurata
523 1052 534 1070 ,
579 1020 942 1078 panduriformia
975 1055 987 1074 ,
1040 1023 1239 1082 oblonga
1271 1057 1282 1075 ‚
1336 1033 1467 1068 utro-

159 1091 250 1135 que
281 1076 423 1121 latere
467 1081 571 1124 sinu
615 1082 861 1125 rotundato
891 1081 1011 1127 infra
1043 1084 1246 1127 medium
1278 1101 1467 1128 excava-

159 1144 206 1179 ta
229 1169 239 1178 .

219 1196 446 1250 sinuata,
478 1202 681 1259 margine
712 1204 937 1244 instructa
967 1204 1159 1246 sinubus
1191 1205 1465 1257 rotundatis,

162 1257 328 1315 amplis
347 1291 358 1310 ,
393 1259 635 1317 profundis
659 1294 670 1313 ,
704 1261 1046 1307 alternantibus
1075 1279 1181 1307 cum
1236 1264 1356 1308 lobis
1385 1283 1468 1324 pa-

158 1318 271 1358 riter
304 1320 566 1364 rotundatis
593 1354 604 1373 ,
636 1324 1033 1380 prominentibus.

219 1377 444 1435 Repanda
476 1414 486 1431 ‚
517 1381 654 1438 plana
679 1415 690 1434 ‚
724 1386 930 1441 margine
985 1384 1207 1435 sinubus,
1254 1383 1467 1444 lobisque

159 1434 347 1480 levibus
376 1437 581 1483 flexuoso
605 1474 615 1484 .

218 1496 398 1540 Lobata
428 1516 454 1542 a
486 1501 608 1544 lobis
639 1500 974 1559 marginalibus
1024 1506 1284 1547 rotundatis
1309 1537 1320 1556 ,
1367 1520 1469 1564 pro-

157 1559 440 1603 minentibus
462 1593 475 1612 ,
508 1561 845 1605 alternantibus
874 1577 981 1605 cum
1003 1565 1195 1607 sinubus
1226 1565 1469 1622 profundis

158 1619 418 1662 rotundatis
444 1653 456 1673 ‚
489 1621 659 1680 amplis
687 1655 698 1666 .
721 1624 839 1669 Hinc
872 1623 1091 1667 dicuntur
1123 1625 1269 1668 biloba
1293 1658 1305 1677 ,
1342 1627 1469 1669 trilo-

168 1676 227 1719 ba
256 1679 340 1721 διε.

218 1737 386 1789 Fissa,
412 1740 642 1798 profunde
696 1750 820 1785 secta
863 1744 911 1785 in
964 1751 1193 1802 segmenta
1241 1752 1471 1805 angusta,

159 1801 486 1856 approximata
510 1834 522 1853 ,
554 1817 652 1859 quae
683 1803 743 1845 ab
775 1806 906 1861 apice
938 1802 1033 1846 fere
1066 1819 1212 1863 usque
1245 1807 1303 1847 ad
1335 1807 1468 1848 dimi-

157 1857 288 1900 dium
330 1858 495 1903 folium
527 1864 796 1919 pertingunt
816 1895 826 1905 .
858 1864 959 1905 Haec
991 1863 1104 1906 folia
1124 1881 1150 1907 a
1170 1880 1362 1908 numero
1388 1866 1469 1909 de-

158 1919 423 1972 terminato,
455 1921 529 1964 vel
549 1938 641 1965 non
671 1924 972 1966 determinato
999 1924 1273 1968 laciniarum
1302 1941 1470 1969 vocan-

157 1984 234 2018 tur
256 1978 390 2034 bifida
418 2014 430 2032 ‚
474 1983 624 2037 trzfida
654 1984 762 2035 ec„
795 1985 1016 2040 multzfida
1038 2017 1049 2028 .

217 2037 450 2092 Palmam,
471 2042 616 2085 divisa
643 2045 701 2086 ab
729 2046 857 2101 apice
883 2060 1028 2103 usque
1056 2045 1113 2087 ad
1138 2045 1396 2098 dimidium,
1422 2055 1469 2089 et

159 2095 282 2139 ultra
310 2100 357 2140 in
383 2099 515 2144 lobos
547 2104 850 2162 subaequales,
876 2121 1097 2163 expansos
1124 2107 1374 2163 digitorum
1397 2109 1469 2148 in-

159 2166 272 2199 star.
294 2159 391 2201 Haec
415 2177 569 2220 reapse
591 2173 697 2206 sunt
717 2162 815 2206 fissa
829 2197 840 2215 ‚
866 2165 985 2208 unde
1007 2182 1117 2224 saepe
1138 2167 1334 2209 dicimus
1356 2167 1468 2209 solia

154 2219 552 2276 palmato-trifida,
578 2225 1092 2282 palmato-qninquefida
1123 2228 1204 2270 ὣς.
1223 2243 1244 2282 ,·
1272 2236 1319 2269 at
1353 2227 1465 2270 folia

158 2275 257 2321 fissa
287 2294 379 2322 non
411 2291 516 2325 sunt
547 2299 720 2343 semper
754 2284 952 2343 palmata
979 2319 988 2328 .
