1669 2563
290 130 373 157 210

289 219 607 262 Glandulosum
626 251 638 270 ‚
669 217 813 262 forma
844 218 1138 277 globulorum
1158 251 1169 269 ‚
1203 221 1282 276 qui
1328 221 1511 278 proprie

230 281 452 338 glandulae
482 280 678 321 audiunt
697 313 707 322 .

288 340 549 382 Incrastans
575 372 586 390 ,
618 355 722 381 cum
753 341 799 380 in
830 348 926 381 toto
951 372 962 389 ‚
1005 339 1077 381 vel
1117 341 1163 380 in
1208 346 1337 396 parte
1388 339 1524 381 haeret

231 401 398 442 lamina
428 399 651 441 mellifera
680 399 810 441 faciei
842 401 1025 441 internae
1069 399 1242 456 calycis
1265 431 1277 451 ,
1313 407 1395 441 aut
1449 414 1522 442 co-

231 459 383 510 rollae‚
415 468 495 501 aut
526 461 627 502 tubi
657 458 838 501 corollae
862 492 873 502 .

230 520 445 561 Praeterea
473 521 726 561 nectarium
748 521 837 561 sive
859 520 1045 576 proprio
1067 534 1216 569 sensu,
1235 519 1329 561 sive
1351 520 1520 576 impro-

232 581 332 638 prio
353 595 379 621 a
400 579 711 637 peculiaribus
733 578 889 621 formis
907 611 919 630 ‚
942 594 1059 636 quas
1078 581 1268 621 assumit
1295 611 1306 630 ,
1345 579 1519 622 dieitur

290 640 440 681 Porus
463 672 474 690 ‚
507 655 613 681 cum
643 637 782 680 refert
813 654 1006 697 parvum
1042 638 1247 681 foramen
1270 671 1280 681 .

290 698 489 740 Scutella
513 732 524 750 ‚
556 701 723 741 cavitas
744 698 1004 756 nectarifera
1027 731 1039 750 ,
1071 714 1177 741 cum
1199 698 1378 741 foveam
1403 700 1525 741 sistit

236 760 283 800 in
314 760 411 800 basi
439 758 698 815 petalorum
716 790 727 799 .

292 817 446 859 Barba
471 850 482 868 ‚
521 832 627 859 cum
672 815 781 859 facit
819 816 995 858 labium
1035 817 1224 860 inferius
1265 819 1312 859 in
1355 816 1531 860 corolla

234 877 477 928 orchidea,
509 876 583 919 vel
614 877 774 918 seriem
804 875 1024 919 villorum
1055 876 1451 935 longiusculorum
1483 880 1529 918 in

233 935 409 978 corolla
432 968 442 978 .

299 995 451 1036 Tabas
474 1027 484 1044 ,
512 1009 650 1036 cornu
672 1026 683 1045 ‚
716 994 881 1044 calcar,
913 996 998 1037 ubi
1031 997 1283 1037 nectarium
1312 996 1531 1053 produci-

234 1063 311 1096 tur
342 1056 390 1096 in
413 1069 673 1112 processum
703 1053 808 1112 plus
838 1055 1043 1098 minusve
1095 1055 1284 1112 longum
1313 1088 1324 1107 ‚
1385 1072 1532 1113 angu-

236 1123 356 1156 stum
381 1147 393 1166 ,
426 1118 549 1157 intus
579 1129 743 1156 cavum
767 1146 777 1165 ,
811 1113 1024 1173 luditque
1056 1116 1103 1155 in
1134 1115 1321 1157 diversis
1365 1118 1536 1173 specie-

236 1176 322 1217 hus
344 1174 554 1231 filiforme
575 1208 585 1225 ‚
609 1174 860 1216 „tabulatum
875 1206 886 1226 ,
902 1177 1222 1233 cylindraceum
1241 1207 1252 1226 ,
1284 1176 1504 1218 clavatum
1521 1208 1533 1226 ‚

235 1236 434 1276 conicum
460 1267 472 1287 ,
508 1234 775 1292 Scrotzforme
799 1265 810 1285 ‚
868 1236 1069 1293 inflatum
1093 1268 1104 1286 ‚
1138 1235 1386 1292 oblongum,
1418 1250 1536 1277 com-

231 1309 432 1351 pressum
454 1328 465 1346 ,
494 1294 681 1337 bilobum
705 1327 716 1347 ,
748 1302 941 1346 acutam,
965 1295 1180 1346 obtusum,
1203 1299 1533 1353 emarginatum,

237 1358 510 1405 lancinatum,
532 1358 796 1412 capitatam,
824 1353 1083 1399 bilabiatum
1101 1388 1111 1405 ,
1129 1364 1316 1398 erectum
1334 1389 1345 1406 ,
1388 1370 1537 1398 ascen-

237 1417 358 1466 dens,
391 1416 653 1458 descendens
673 1447 689 1468 ,
724 1418 966 1468 incurvum,
1000 1430 1237 1466 recurvum,
1271 1418 1417 1458 ovario
1442 1417 1535 1459 lon-

234 1478 334 1530 gius
363 1509 374 1526 ‚
399 1475 585 1526 brevius,
609 1476 924 1532 longissimum,
964 1476 1255 1518 brevissimum
1280 1509 1291 1526 ,
1312 1477 1500 1532 simplex
1522 1508 1534 1526 ‚

237 1537 405 1591 duplex
429 1568 438 1586 ‚
471 1536 587 1577 idest
626 1535 755 1578 aliud
785 1538 906 1578 intra
931 1536 1059 1578 aliud
1085 1569 1096 1587 ,
1123 1537 1262 1593 plura
1291 1537 1415 1577 cirea
1453 1536 1537 1577 ba-

237 1607 321 1636 sim
354 1610 567 1652 germmis
592 1627 602 1637 .

296 1654 495 1710 Squama
519 1688 530 1706 ‚
575 1654 734 1697 sabula
761 1688 772 1707 ,
808 1656 958 1697 radius
987 1671 1014 1696 a
1045 1653 1333 1712 processibus
1386 1653 1530 1708 hujus

236 1713 389 1756 formae
421 1717 544 1757 intus
575 1714 732 1757 solidis
755 1748 764 1757 .
799 1716 1003 1773 Squamae
1046 1715 1280 1757 interdum
1325 1714 1533 1772 margine

239 1773 399 1815 ciliatae
425 1807 435 1825 ‚
468 1782 550 1816 aut
580 1774 1033 1833 ciliato-glandulosae
1057 1806 1068 1817 .

297 1833 473 1875 Corona
503 1849 528 1875 a
560 1835 698 1876 radiis
721 1868 732 1886 ‚
765 1834 838 1877 vel
869 1834 1050 1877 laminis
1080 1835 1221 1876 unius
1244 1865 1255 1885 ,
1290 1833 1493 1890 duplicis
1521 1865 1533 1884 ‚

237 1901 321 1935 aut
351 1893 546 1951 triplicis
578 1894 749 1937 ordinis
773 1927 784 1946 ,
816 1892 1110 1936 filiformihus
1129 1926 1140 1945 ‚
1175 1893 1405 1935 subulatis
1430 1925 1442 1944 ‚
1474 1891 1536 1934 li-

240 1954 455 1996 nearibus
487 1985 498 2003 ‚
530 1952 800 1996 lanceolatis
824 1986 835 2005 ‚
863 1955 1070 1996 obovatis
1094 1986 1104 2005 ,
1138 1955 1330 2011 integris
1355 1986 1364 2004 ‚
1392 1968 1538 1995 emar-

239 2015 433 2070 ginatis,
465 2013 663 2055 dentatis
688 2046 699 2066 ,
731 2015 910 2072 partitis
929 2046 939 2065 ‚
974 2016 1070 2056 sitis
1099 2016 1223 2055 circa
1254 2014 1402 2056 basim
1435 2027 1538 2056 ova-

247 2074 309 2114 rii
333 2106 344 2123 ‚
376 2071 450 2115 vel
480 2075 604 2115 circa
633 2072 811 2116 faucem
836 2073 1016 2116 corollae
1041 2106 1051 2116 .

296 2131 420 2174 Crux
467 2134 663 2185 callosa,
714 2138 859 2192 posita
890 2135 936 2175 in
965 2135 1094 2191 apice
1123 2132 1458 2175 filamentorum
1484 2165 1495 2175 .

299 2192 529 2235 Labellum
556 2226 567 2243 ,
599 2197 836 2236 nectarium
876 2196 1176 2250 petaloideum
1209 2227 1220 2245 ,
1268 2194 1393 2251 quod
1442 2194 1543 2237 lon-

246 2267 355 2310 gum
394 2286 406 2305 ,
459 2262 703 2311 angustum
741 2286 752 2306 ,
808 2254 1079 2298 descendens
1121 2287 1132 2305 ‚
1178 2251 1434 2296 coloratum
1491 2263 1544 2298 ut
