1669 2563
237 157 320 212 278

226 259 426 310 Lacera,
461 256 773 317 irregulariter
801 289 811 308 ,
843 264 889 299 et
920 266 1054 314 parce
1087 264 1208 300 secta
1239 258 1286 299 in
1320 264 1471 314 partes

169 319 413 376 inaequales
437 353 448 370 ,
483 321 684 361 sinuosas
709 351 719 368 ‚
753 316 984 359 difformes
1003 350 1011 358 .
1110 369 1112 371 Ι

229 379 436 429 Partica,
469 379 562 421 fere
593 393 737 435 usque
769 377 826 418 ad
858 378 1002 419 basim
1025 391 1104 433 per
1129 375 1473 434 longitudinem

164 439 340 491 divisa,
376 455 473 497 quae
503 454 529 480 a
567 452 753 479 numero
784 437 1114 487 determinato,
1152 436 1226 477 vel
1261 450 1353 477 non
1388 435 1476 476 de-

165 501 406 542 terminato
439 499 713 541 divisionum
738 497 954 540 dicuntur
976 497 1230 553 tripartita,
1256 497 1469 553 quinque-

160 562 338 616 partita
378 561 463 602 &a
482 592 494 609 ,
526 559 822 614 multipartita
840 589 850 599 .

225 620 432 671 Pedasa,
464 632 653 660 numero
680 624 1013 675 segmentorum
1044 615 1211 672 impari
1258 611 1432 672 par‘tita
1460 645 1471 664 ‚

169 683 409 737 segmentis
454 678 723 721 lateralibus
773 677 1035 719 divaricatis
1063 709 1074 727 ,
1108 684 1152 717 et
1182 676 1230 715 in
1261 674 1468 731 margine

170 743 404 797 superiore
435 738 670 796 palmatis.

228 799 499 849 Lamiam,
533 800 579 839 in
612 804 763 854 partes
794 803 952 836 tenues
986 793 1281 852 irregulares,
1308 808 1471 835 nume-

172 874 320 909 rosas,
353 861 520 900 iterum
543 855 861 913 irregulariter
888 855 1054 895 divisas
1076 853 1303 911 profunde
1329 861 1472 895 secta.

229 918 511 972 Pitznatifida
535 949 546 967 ‚
578 924 827 956 transverse
858 913 951 954 fere
995 928 1142 971 usque
1192 914 1249 958 ad
1297 921 1472 955 costam

171 978 315 1019 divisa
347 980 393 1018 in
424 976 613 1017 lacinias
665 972 970 1016 horizontales
996 1005 1007 1023 ,
1061 972 1310 1030 parallelas
1336 1005 1348 1024 ‚
1396 988 1473 1014 an-

170 1046 327 1095 gustas
355 1069 366 1087 ,
398 1037 739 1094 approximatas
762 1067 772 1075 .

227 1096 425 1153 Lyram,
454 1093 743 1154 pinnatifida,
766 1091 840 1134 vel
864 1091 1021 1134 lobata
1041 1124 1053 1142 ,
1087 1093 1329 1149 segmentis
1360 1090 1471 1133 infe-

175 1158 379 1198 rioribus
411 1158 573 1198 sensim
606 1156 860 1210 sensimque
890 1152 1169 1194 minoribus.

228 1217 496 1273 Sqmnrosa,
514 1212 796 1275 pinnatifida,
830 1214 1070 1270 segmentis
1101 1214 1270 1253 iterum
1296 1211 1472 1262 divisis,

171 1291 370 1333 quorum
403 1276 494 1318 alia
527 1291 706 1318 sursum
752 1288 891 1330 supra
924 1275 1136 1330 paginam
1188 1275 1472 1329 superiorem

171 1336 274 1378 folii
295 1371 305 1388 ,
338 1336 429 1379 alia
460 1336 673 1380 deorsum
702 1332 822 1376 infra
846 1335 1057 1392 paginam
1099 1330 1362 1374 inferiorem
1407 1331 1473 1372 di-

171 1398 388 1455 riguntur
414 1429 423 1438 .

227 1457 489 1499 Runa-mata
516 1489 527 1507 ,
559 1452 827 1514 pinnatifida
846 1486 857 1505 ,
890 1452 1070 1495 laciniis
1100 1454 1302 1510 margine
1333 1467 1474 1509 supe-

172 1518 293 1561 riore
332 1520 575 1567 convexis,
616 1514 832 1557 inferiore
876 1515 1119 1564 concavis,
1155 1514 1221 1554 ita
1256 1520 1310 1554 ut
1340 1512 1476 1554 deor-

172 1592 271 1619 sum
304 1593 433 1620 versa
462 1577 704 1618 videantur
728 1608 738 1617 .

228 1637 520 1695 Integerrima
546 1670 558 1688 ,
606 1637 808 1693 margine
853 1632 1015 1693 aequali
1043 1665 1055 1684 ‚
1101 1647 1183 1674 nec
1230 1633 1475 1674 minimum

175 1706 297 1740 secto
321 1730 331 1739 .

233 1758 428 1801 Crenata
451 1791 462 1809 ‚
495 1772 592 1798 mar

174 1818 400 1859 instructa
427 1849 437 1858 .

231 1877 454 1928 mentam,
485 1878 685 1934 margine
718 1882 836 1917 secta
866 1875 1078 1917 incisuris
1109 1873 1278 1930 parvis,
1309 1873 1472 1922 acutis,

172 1945 221 1978 et
251 1937 307 1979 ad
345 1940 571 1979 exteriora
603 1938 769 1978 versis.
802 1935 921 1977 Cum
968 1934 1122 1974 dentes
1169 1940 1274 1973 sunt
1321 1931 1475 1973 admo-

170 1998 280 2039 dum
314 2000 442 2054 parvi
475 2031 485 2048 ‚
512 1996 623 2039 folia
653 1996 873 2036 dicuntur
904 1993 1178 2035 denticulata
1203 2024 1213 2033 .

229 2057 411 2100 Serrata
431 2090 448 2110 ,
472 2058 674 2114 margine
699 2057 842 2097 incisa
872 2054 1089 2096 dentibus
1143 2055 1293 2094 acutis
1320 2084 1331 2102 ‚
1367 2066 1473 2092 sur-

172 2133 272 2160 sum
323 2121 463 2160 versis
492 2117 548 2159 ad
578 2118 753 2174 apicem
784 2114 913 2157 folii.

232 2179 676 2234 Duplicato-serrata
695 2210 705 2227 ‚
738 2174 977 2224 biserrata‚
1010 2188 1117 2215 cum
1148 2172 1305 2213 dentes
1338 2173 1478 2229 primi

175 2246 282 2280 sunt
313 2240 398 2296 ipsi
426 2251 610 2295 quoque
635 2237 851 2278 dentibus
888 2235 1144 2276 minoribus
1187 2235 1347 2274 serrati
1371 2266 1382 2283 ,
1402 2231 1477 2274 vel

173 2315 279 2340 cum
334 2298 505 2356 duplex
558 2306 623 2339 est
678 2296 790 2339 ordo
837 2294 1041 2338 dentium
1093 2301 1370 2337 serratorum
1422 2295 1470 2334 in

175 2362 374 2418 margine
407 2359 507 2401 folii
532 2393 540 2401 .

596 1758 698 1816 gine
731 1755 943 1798 incisuris
976 1755 1129 1811 parvis
1156 1786 1168 1804 ‚
1215 1750 1475 1795 rotundatis
