1669 2563
1293 151 1376 196 105

140 264 285 300 totam
313 256 615 301 differentiam
641 254 760 297 sistit
788 254 908 296 inter
940 260 1186 312 utramque
1211 272 1223 306 ς
1253 257 1303 300 in
1343 274 1439 316 quo

139 318 331 376 quidem
374 320 575 377 germine
622 330 733 372 saepe
763 311 845 356 flos
877 314 973 371 ipse
998 346 1011 364 ,
1049 323 1293 372 partesque
1340 320 1441 375 ejus

138 376 292 422 adhuc
327 377 540 420 involutae
582 376 676 430 jam
700 373 1054 431 dignoscuntur,
1087 382 1140 414 ut
1169 375 1323 419 videre
1373 387 1443 420 est

140 441 325 480 monitu
355 435 552 479 Hamelii
576 437 625 475 in
654 433 860 490 Daphne
888 432 1116 484 Mezereo,
1147 435 1196 474 in
1220 434 1443 492 Amygda-

139 499 185 541 lo
215 498 416 546 Persica,
469 498 516 537 in
560 494 684 551 Pyro
719 493 856 536 Malo
883 524 896 544 ‚
944 492 1141 551 aliisque
1165 525 1175 534 .
1226 493 1445 539 Praeterea

139 565 296 616 partes
325 557 418 597 istae
447 557 676 597 constanti
706 554 843 596 modo
867 555 989 595 intra
1019 568 1219 612 gemmas
1239 555 1445 610 ejusdem

139 617 305 675 speciei
336 617 451 665 sitae3
469 617 545 656 cui
577 617 643 658 rei
668 615 1012 672 praeflorationis
1029 646 1042 665 ,
1066 612 1139 656 vel
1163 616 1448 659 aestimationis

139 690 306 718 nomen
337 673 550 718 fecerunt
599 676 890 725 recentiores,
921 688 1115 731 eamque
1135 672 1447 718 distinxerunt

143 737 193 778 in
245 733 547 787 imbricatam‚
604 736 828 792 plicatam
865 767 876 785 ,
924 743 1203 785 contortam,
1231 749 1447 794 corruga-

137 804 259 852 tam,
291 796 528 847 valvarem,
560 795 914 853 quincuncialem
935 828 949 848 ,
979 795 1192 853 inflexam
1222 826 1232 837 .

497 915 793 959 Pedunculus
816 948 827 958 .
856 914 1059 958 Bractea
1071 944 1082 957 .

198 1035 246 1092 §.
277 1037 380 1093 327.
412 1033 538 1086 Flos,
560 1037 642 1094 qui
673 1036 729 1078 de
753 1051 931 1094 gemma
956 1034 1204 1087 evolvitur,
1230 1034 1304 1078 vel
1325 1041 1449 1081 omni

139 1093 294 1138 fulcro
326 1097 597 1138 destituitur
617 1129 629 1147 ‚
660 1104 708 1139 et
736 1097 901 1139 sessilis
932 1096 1104 1138 dicitur
1123 1128 1136 1147 ,
1167 1095 1243 1138 vel
1268 1096 1440 1149 fulcro,

139 1155 269 1212 quod
293 1164 487 1198 vocatur
504 1157 806 1213 pedunculus,
834 1158 1084 1200 sustinetur
1109 1189 1120 1199 .
1151 1156 1450 1200 Pedunculus

139 1216 226 1257 iste
258 1216 417 1259 eadem
448 1219 633 1258 omnino
665 1219 871 1274 partium
902 1224 1138 1260 structura
1189 1216 1338 1275 pollet
1360 1250 1372 1269 ,
1394 1234 1448 1260 ac

140 1273 291 1317 caulis
315 1309 327 1328 ‚
359 1293 386 1318 a
416 1291 510 1334 quo
537 1275 861 1334 proficiscitur,
886 1291 1048 1319 verum
1074 1278 1307 1319 succosior
1335 1292 1449 1319 cau-

144 1335 192 1378 le
223 1344 290 1378 est
312 1368 323 1379 .
355 1337 400 1379 Is
430 1337 665 1379 interdum
694 1337 868 1379 nodum
902 1339 1021 1395 gerit
1047 1339 1140 1378 situ
1171 1339 1219 1378 in
1250 1336 1447 1381 diversis

139 1396 366 1453 stirpibus
418 1396 597 1438 diverso
636 1427 648 1446 ‚
680 1398 728 1438 in
764 1412 857 1457 quo
882 1427 892 1447 ,
925 1399 1045 1438 vasis
1095 1398 1412 1440 arescentibus
1433 1431 1445 1450 ,

141 1453 439 1513 pedunculus
471 1456 644 1497 secedit
665 1487 677 1506 ,
710 1464 756 1497 et
786 1457 1122 1513 disrumpitur.

199 1515 245 1570 ὃ.
279 1516 381 1557 328.
413 1514 597 1556 Foliola
628 1515 833 1573 quaedam
859 1547 870 1566 ,
903 1515 1053 1557 forma
1075 1547 1087 1566 ‚
1112 1516 1445 1574 magnitudine,

137 1575 295 1617 colore
328 1606 340 1626 ‚
372 1590 464 1617 non
494 1583 646 1617 tamen
667 1577 882 1633 penitiori
908 1584 1141 1618 structura
1158 1607 1171 1627 ,
1197 1592 1224 1617 a
1254 1575 1448 1634 reliquis

138 1633 269 1677 foliis
299 1634 405 1693 plus
425 1636 578 1678 minus
598 1635 870 1678 abludentia
890 1649 1002 1694 saepe
1024 1644 1278 1677 occurrunt
1297 1638 1345 1679 in
1372 1654 1448 1694 pe-

140 1694 349 1737 dunculo
369 1727 381 1746 ‚
412 1710 510 1754 quae
547 1695 748 1738 bracteas
784 1697 946 1738 dicunt
979 1727 990 1738 .
1022 1694 1198 1738 Eorum
1239 1704 1330 1748 est,
1362 1696 1447 1738 flo-

138 1771 237 1798 rem
266 1755 417 1798 adhuc
443 1756 706 1799 involutum
728 1759 888 1808 tutari,
910 1764 956 1798 et
977 1758 1233 1798 nutricium
1253 1772 1446 1800 succum

143 1830 230 1874 pro
259 1815 422 1860 eodem
452 1833 614 1876 parare
640 1848 653 1869 ‚
684 1825 824 1877 atque
855 1815 1071 1877 perficere
1090 1849 1101 1860 .

342 1936 456 1981 Flos
499 1938 745 1998 completus
768 1970 779 1981 .
821 1937 991 1996 Calyx.
1019 1937 1204 1982 Corolla
1222 1970 1234 1981 .

204 2057 250 2114 §.
282 2060 382 2117 329.
413 2057 523 2101 Flos
549 2060 793 2117 completus
823 2059 1007 2102 duobus
1038 2059 1342 2118 distinguitur
1372 2059 1445 2100 in-

146 2117 348 2160 volucris
375 2151 388 2170 ,
421 2134 623 2177 quorum
676 2122 880 2162 exterius
929 2121 1066 2177 calyx
1113 2127 1410 2178 nuncupatur
1433 2151 1445 2161 .

147 2177 298 2234 Calyx
328 2187 493 2222 natura
524 2195 607 2222 sua
627 2181 1006 2224 membranaceus
1029 2187 1112 2231 est,
1144 2179 1290 2239 fitque
1320 2194 1412 2220 uno
1431 2211 1443 2228 ,

148 2235 223 2278 vel
255 2237 471 2295 pluribus
510 2238 684 2282 foliolis
716 2240 988 2299 plerumque
1018 2240 1248 2283 viridibus
1275 2272 1286 2282 .
1307 2238 1448 2282 Com-

150 2311 270 2354 pago
292 2299 390 2353 ejus
419 2297 494 2340 vel
523 2302 727 2352 omnino,
759 2300 833 2343 vel
885 2302 1053 2359 partim
1112 2300 1275 2342 similis
1325 2313 1447 2340 com-

151 2358 307 2416 pagini
338 2358 517 2411 caulis,
541 2374 569 2402 a
591 2375 685 2419 quo
723 2360 862 2417 calyx
903 2359 1235 2418 proficiscitur.
1257 2360 1372 2404 Hinc
1399 2365 1447 2401 et
