1669 2563
1397 196 1450 236 25

629 353 844 396 Germinis
887 351 893 409 j
906 354 1070 396 creatio
1088 386 1098 396 .

268 473 313 530 §.
345 474 417 530 93.
449 471 644 515 Germen
675 472 761 515 hoc
793 471 977 531 quando
1009 473 1056 514 in
1088 470 1193 515 alvo
1224 477 1386 518 matris
1418 474 1515 517 for-

208 535 424 575 matum?
455 533 526 574 An
557 540 725 575 cuncta
756 535 959 590 germina
989 534 1123 574 initio
1174 533 1338 574 mundi
1392 549 1520 577 crea-

206 601 269 643 ta,
300 608 359 634 an
389 592 571 651 singula
591 600 803 636 creantur
836 596 884 635 in
915 593 1157 650 tempore?
1188 591 1241 634 Id
1272 608 1354 634 nos
1388 610 1518 651 pror-

207 666 284 694 sus
315 651 429 694 latet
456 685 466 695 .
501 653 619 696 Sunt
644 685 655 703 ,
701 655 782 710 qui
814 660 978 711 putent
997 685 1008 704 ‚
1061 654 1267 711 germina
1317 654 1522 711 singula-

206 726 313 753 rum
347 727 503 754 rerum
534 712 668 770 longe
702 713 887 770 lateque
936 729 1016 771 per
1074 714 1340 754 universum
1387 723 1482 756 sata
1507 746 1519 765 ‚

206 779 263 812 ut
308 772 544 829 aequaliter
595 776 686 815 sint
715 774 763 813 in
793 789 895 815 aere
920 805 931 824 ,
989 775 1035 814 in
1066 787 1187 830 aqua
1212 804 1224 823 ,
1257 774 1305 813 in
1360 780 1482 815 terra
1505 806 1519 825 ,

204 832 254 872 in
295 831 464 889 plantis
491 865 502 884 ,
535 834 584 874 in
615 832 893 875 animalibus
920 866 929 875 .
977 833 1076 874 Haec
1099 841 1251 874 autem
1280 843 1522 890 nequeunt

204 892 358 934 evolvi
389 900 688 950 praeterquam
720 892 822 934 loco
847 926 858 945 ,
891 895 1173 950 materieque
1201 896 1477 950 opportunis
1506 926 1519 945 ‚

203 954 271 993 ita
301 959 355 993 ut
385 955 590 1010 germina
622 953 884 1011 plantarum
931 952 1081 995 solum
1128 956 1250 994 intra
1302 953 1482 1009 plantas
1506 986 1519 1004 ‚

203 1013 252 1052 in
283 1027 398 1069 quas
448 1012 729 1064 offendunt,
775 1012 1094 1070 explicentur.
1141 1011 1276 1066 Quod
1330 1014 1521 1070 quidem

204 1080 370 1114 contra
401 1088 556 1114 rerum
587 1082 798 1115 naturam
831 1073 986 1123 foret3
1036 1081 1145 1114 tunc
1198 1075 1318 1114 enim
1370 1075 1522 1114 omnia

209 1133 261 1172 in
303 1133 476 1174 mundo
509 1132 583 1175 vel
614 1142 760 1176 essent
791 1148 944 1176 rerum
970 1135 1175 1192 germina
1194 1165 1205 1184 ‚
1238 1131 1312 1173 vel
1359 1136 1524 1190 germi-

208 1207 321 1233 num
354 1193 677 1251 receptacula,
708 1209 806 1251 quae
831 1209 939 1235 cum
986 1202 1147 1251 suapte
1203 1201 1367 1234 natura
1417 1208 1523 1235 cor-

203 1252 451 1309 ruptibilia
505 1255 623 1304 sint,
674 1256 755 1310 qui
787 1254 970 1295 demum
1002 1255 1207 1311 germina
1257 1251 1521 1294 evolveren-

206 1318 284 1352 tur
317 1313 489 1370 absque
519 1313 823 1355 matricibus?
866 1312 1084 1354 Praeterea
1122 1322 1232 1354 tunc
1286 1315 1519 1369 generatio

204 1370 385 1414 nullius
414 1375 633 1413 momenti
665 1371 814 1423 foret,
839 1387 978 1430 quam
1018 1372 1225 1430 profecto
1263 1379 1356 1412 tam
1407 1373 1520 1414 sole-

205 1445 356 1472 mnem
387 1433 596 1473 novimus
622 1435 671 1473 in
692 1435 914 1489 organicis
931 1434 1202 1490 corporibus
1219 1464 1228 1474 .
1255 1431 1325 1472 Ex
1347 1434 1519 1488 quibus

207 1491 421 1532 omnibus
453 1490 715 1532 luculenter
741 1495 969 1533 evincitur
989 1525 1000 1542 ‚
1035 1492 1190 1534 eadem
1222 1491 1415 1533 dicenda
1461 1493 1518 1534 de

206 1548 376 1606 plantis
399 1583 412 1601 ,
445 1565 542 1607 quae
574 1549 790 1593 Hallerus
820 1551 960 1593 habet
985 1551 1039 1592 de
1086 1552 1289 1593 homine:
1323 1550 1518 1596 Primor-

207 1611 285 1652 dia
305 1625 430 1653 novae
458 1611 636 1668 plantoe
669 1613 770 1668 ipsa
804 1620 968 1653 natura
992 1612 1108 1653 celat
1126 1643 1136 1653 .

287 1728 419 1775 Num
448 1732 608 1774 dentur
635 1731 868 1775 anomaliae
898 1734 1185 1774 instructura
1212 1727 1457 1788 germinis?

263 1849 310 1906 §.
344 1852 417 1909 94.
448 1849 587 1894 Nunc
618 1851 886 1903 videndum,
922 1867 979 1893 an
1004 1866 1073 1903 ea,
1106 1865 1202 1909 quae
1234 1866 1384 1894 semen
1412 1866 1517 1893 con-

206 1912 441 1962 stituunt,
475 1926 680 1969 unquam
704 1911 932 1954 abludant
963 1928 989 1954 a
1020 1914 1196 1953 ratione
1227 1911 1342 1963 illa,
1375 1927 1516 1970 quam

205 1986 346 2029 supra
374 1972 615 2014 docuimus
643 2005 654 2024 ‚
687 1981 739 2013 ut
770 1972 960 2030 quidam
995 1979 1249 2030 putarunt.
1282 1972 1402 2014 Nam
1430 1973 1513 2012 Ri-

206 2031 407 2073 chardus
436 2040 566 2090 pater
598 2035 799 2090 penitius
828 2034 1072 2091 inspiciens
1103 2035 1149 2074 in
1182 2034 1353 2074 semina
1387 2032 1516 2090 plan-

208 2100 362 2134 tarum
391 2093 966 2149 monocotyleslonearum,
995 2109 1075 2135 seu
1125 2093 1475 2134 endorhizarum
1504 2124 1516 2143 ,

208 2154 401 2204 statuit,
435 2152 603 2195 horum
635 2153 728 2195 alia
760 2154 924 2195 donari
959 2155 1160 2211 germine
1189 2186 1200 2203 ‚
1233 2155 1367 2208 cujus
1396 2154 1518 2194 basis

206 2210 258 2252 fit
286 2226 479 2271 corpore
504 2228 693 2255 carnoso
728 2229 894 2272 magnae
925 2214 1061 2256 molis
1084 2229 1172 2271 prae
1193 2213 1387 2270 reliquis
1410 2229 1518 2270 par-

211 2272 340 2313 tibus
373 2305 384 2323 ‚
436 2273 784 2332 appellavitque
840 2276 1010 2316 semina
1070 2273 1160 2317 haec
1213 2275 1514 2329 macropoda‚

209 2345 380 2389 corpus
407 2347 651 2377 carnosum
681 2335 829 2379 basim
859 2336 1076 2393 germinis
1109 2337 1270 2377 sistens
1303 2333 1517 2376 distinxit
