1669 2563
1239 186 1316 230 291

154 281 365 323 Pallidus
388 295 444 321 ex
474 278 691 320 mixtione
723 272 813 317 levi
845 289 950 316 eum
982 274 1072 317 alio
1105 276 1256 317 colore
1280 309 1290 326 ‚
1320 279 1381 316 ita

99 349 151 382 ut
183 342 308 382 color
341 339 475 381 albus
519 334 792 393 praevaleat,
842 335 961 375 unde
1008 335 1204 376 habetur
1254 335 1381 376 color

99 400 437 443 albo-latescens
457 429 467 446 ,
515 395 853 443 albo-carneus,
905 393 1178 436 albo-roseus
1199 427 1208 445 ‚
1261 394 1384 436 albo-

99 462 370 508 -violaceus‚
401 456 752 502 albo-caeruleus,
783 453 1143 494 albo-virescens.

156 520 361 562 Cinereus
389 549 400 567 ‚
427 514 659 572 plumbeus
682 547 692 564 ,
726 521 818 554 tam
865 512 1075 553 sordidus
1100 546 1110 562 ,
1146 520 1199 554 ut
1243 515 1384 569 magis

100 579 266 621 referat
296 575 496 618 colorem
527 577 691 616 cineris
719 606 730 622 ,
764 581 845 613 aut
877 571 1082 630 plumbi.

101 655 148 681 2.
178 637 352 693 Niger,
385 644 506 684 ater,
540 637 794 689 nigerrimus
813 665 822 673 .

154 694 501 752 ,Nigro-ruffus,
549 693 905 749 nigro-caeruleus
933 723 944 741 ,
989 706 1096 732 cum
1142 689 1286 731 colori
1319 692 1388 730 ni-

97 773 178 816 gro
211 755 493 815 praepollcnti
525 753 703 812 aliquid
735 751 902 794 coloris
933 750 1066 801 ruffi,
1100 749 1173 791 Vel
1205 749 1386 792 caerulei

97 819 414 859 commiscetur
439 847 448 857 .

100 879 141 919 3.
182 876 335 920 Virens
358 908 369 926 ,
395 876 633 917 laeteoirens
658 906 668 924 ‚
698 887 803 914 cum
834 869 972 912 refert
1003 872 1194 913 virorem
1227 870 1390 927 grami-

96 952 166 979 nis
190 969 199 979 .

156 996 336 1038 Pallide
368 997 505 1036 virens
528 1026 538 1043 ‚
573 993 935 1035 viridi-lutescens
961 1023 972 1040 ,
1004 990 1257 1046 spadiceus,
1290 990 1390 1030 viri-

98 1057 264 1098 di-ater
287 1087 298 1106 ,
344 1057 434 1096 sive
467 1056 708 1095 utrovirens
727 1085 737 1102 ‚
770 1054 817 1092 in
848 1052 1017 1107 quibus
1045 1051 1256 1091 omnibus
1281 1063 1391 1105 prae-

98 1115 221 1158 valet
264 1113 392 1156 color
422 1113 581 1154 viridis
608 1145 618 1163 ,
651 1112 760 1153 licet
809 1114 981 1151 mixtus
1033 1125 1138 1150 cum
1192 1108 1390 1167 quadam

99 1175 310 1218 albedine
338 1207 350 1226 ,
394 1172 468 1215 vel
517 1188 622 1214 011111
669 1171 823 1213 colore
868 1170 1147 1220 lutescente,
1195 1177 1274 1210 aut
1312 1182 1391 1209 ru-

100 1238 312 1279 bescente
342 1232 486 1275 nitido
516 1267 527 1285 ,
559 1240 641 1275 aut
670 1247 777 1275 cum
808 1229 961 1272 colore
994 1233 1124 1287 nigro
1150 1262 1159 1270 .

161 1296 503 1337 Glauco-virens
528 1326 539 1344 ‚
586 1308 692 1336 cum
735 1289 879 1336 colori
923 1290 1059 1331 viridi
1107 1287 1390 1331 suffunditur

101 1355 272 1397 nebula
304 1354 467 1412 glauca
485 1385 495 1395 .

102 1420 149 1469 4.
178 1415 375 1465 Lacteus,
409 1427 566 1455 aureus
596 1427 621 1452 a
652 1409 833 1468 fulgore
858 1443 870 1460 ,
898 1418 942 1451 et
972 1409 1124 1451 colore
1156 1410 1257 1449 auri
1276 1440 1286 1448 .

161 1475 408 1517 Amantius
437 1489 463 1514 a
493 1472 648 1514 colore
678 1473 860 1513 corticis
890 1470 1003 1512 Curi
1033 1472 1255 1510 auratztz'i.

169 1535 403 1578 Vitellians
434 1548 460 1574 a
490 1532 642 1574 colore
675 1530 823 1573 vitelli
850 1525 928 1571 ’ovi
960 1529 1226 1586 gallinacei.

166 1595 472 1651 Sulphumus,
511 1595 694 1634 citrinus
719 1625 729 1643 ‚
763 1607 789 1633 a
819 1590 970 1632 colore
1012 1589 1246 1647 sulphuris
1271 1620 1282 1638 ‚
1326 1584 1398 1627 vel

105 1658 290 1696 corticis
319 1654 430 1697 Citri
460 1652 653 1695 Medicae
681 1684 690 1693 .

66 1711 68 1713 ¹
164 1715 385 1756 Helvolus
413 1747 424 1763 ‚
456 1714 572 1754 idest
603 1713 872 1754 stramineus
900 1743 909 1751 .

168 1774 459 1830 Ferrugineus
483 1806 493 1824 ,
527 1771 680 1816 colore
713 1772 939 1828 rubiginis
971 1768 1079 1810 ferri
1106 1802 1116 1811 .

164 1835 352 1877 Croceus
382 1849 408 1875 a
438 1832 590 1874 colore
618 1833 840 1890 stigmatis
872 1830 1000 1872 Croci
1030 1832 1159 1871 sativi
1183 1862 1192 1870 .

112 1895 151 1936 5.
185 1895 333 1936 Ruber
354 1927 365 1945 ‚
412 1895 653 1935 carmirzeus
676 1924 687 1942 ‚
740 1893 939 1933 laccatus
962 1922 974 1940 ‚
1008 1905 1033 1930 a
1064 1889 1217 1930 colore
1268 1887 1400 1930 laccae

109 1954 378 1996 FlorentInae
398 1986 409 2004 ‚
441 1952 514 1995 Vel
546 1953 737 1993 carmini
763 1983 772 1992 .

172 2014 410 2056 Coccineus
441 2029 467 2054 a
493 2012 648 2054 colore
671 2010 821 2053 vivide
855 2010 999 2051 rubro
1030 2007 1311 2052 cocchinillae
1332 2039 1342 2048 .

171 2074 487 2116 Cinabarrinus
507 2105 518 2123 ,
550 2076 787 2114 miniaceus
804 2103 815 2122 ,
847 2085 873 2111 a
902 2069 1056 2112 colore
1106 2071 1233 2111 minii
1263 2100 1274 2118 ,
1325 2081 1404 2108 seu

114 2135 373 2175 cinnabaris
391 2166 402 2175 .

174 2193 422 2235 Flammeus
452 2207 478 2233 a
501 2191 653 2233 colore
685 2189 868 2232 ssammae
893 2222 903 2232 .

171 2253 415 2295 Lateritius
444 2267 470 2292 a
500 2251 652 2292 colore
696 2250 894 2292 laterum
926 2258 1161 2292 coctorum
1190 2282 1199 2291 .

176 2314 345 2356 Roseus
369 2345 379 2362 ,
412 2325 594 2353 carneus
617 2342 633 2363 ,
663 2326 689 2351 a
718 2310 873 2352 colore
917 2308 1040 2352 floris
1083 2310 1215 2353 Rosae
1266 2308 1405 2349 centi-

115 2373 239 2435 foliae
258 2408 267 2425 ,
302 2381 381 2416 aut
411 2374 528 2414 cutis
558 2378 713 2413 nostrae
743 2401 753 2412 .
