1669 2563
263 186 350 228 260

205 299 249 331 ct
280 289 438 331 florem
468 290 514 330 in
546 286 774 331 auxilium
805 290 1019 339 vocavit,
1067 295 1120 328 ut
1173 299 1334 327 eorum
1384 287 1504 326 notis

205 351 264 392 ab
297 358 506 392 anatome
538 351 689 407 petitis
712 382 723 399 ‚
749 352 920 407 quippe
944 363 1042 406 quae
1075 348 1280 389 omnium
1304 344 1503 386 firmissi-

206 425 286 451 mae
315 444 327 460 ‚
360 408 559 451 familias
590 425 693 451 suas
717 417 1054 467 superstrueret
1078 441 1087 449 .
1120 407 1210 447 Has
1239 406 1374 446 initio
1405 420 1508 445 cen-

207 479 307 511 tum
332 484 521 510 numero
552 472 751 510 instituit
773 502 785 520 ,
820 470 918 520 sed,
941 470 1071 510 novis
1103 466 1270 524 plantis
1299 465 1508 522 quotidie

206 530 415 580 detectis,
449 544 518 570 res
538 545 590 571 eo
613 532 819 586 pervenit
836 562 848 580 ‚
879 537 932 571 ut
955 531 1080 570 curis
1111 526 1369 582 conjunctis
1391 526 1508 579 ejus-

208 590 313 631 dem
356 590 529 638 Jussiaei
553 622 565 639 ,
600 589 790 631 Roberti
819 589 1047 638 Brownii‚
1081 587 1372 641 aliorumque
1405 599 1511 625 cen-

207 658 304 691 tum
324 681 335 698 ,
367 657 413 690 et
444 651 677 706 sexaginta
704 657 908 707 quatuor
938 647 1119 691 familiae
1149 644 1384 688 naturales
1428 643 1514 684 bo—

208 710 280 751 die
311 708 583 759 habeantur,
609 724 705 766 quae
735 711 953 751 continuo
984 706 1213 765 augendae,
1242 712 1382 762 prout
1414 703 1512 745 aliae

209 772 372 826 stirpes
395 769 682 825 detegentur,
704 784 801 825 quae
823 770 1053 826 suppetias
1076 766 1224 808 ferant
1246 797 1257 806 .
1283 764 1380 806 Nos
1403 778 1515 806 vero

213 829 421 885 syllogen
451 843 608 869 earum
639 836 817 869 tantum
841 829 1179 878 exhibebimus,
1202 840 1309 866 cum
1325 823 1516 881 longum

210 889 330 930 foret
354 920 365 937 ‚
391 887 466 928 hic
498 902 571 928 eas
602 887 868 944 singillatim
896 920 908 937 ‚
939 897 985 928 et
1011 894 1169 927 exacte
1217 884 1475 925 describere
1501 915 1514 933 ‚

209 948 334 1005 quod
354 948 447 1000 jam
478 943 650 987 factum
681 949 729 986 in
762 945 975 1003 pluribus
1005 947 1175 994 Jussiaei
1196 976 1207 994 ‚
1239 952 1285 985 et
1319 943 1515 985 Brownii

211 1007 430 1064 operibus
463 1007 586 1045 omni
617 1005 754 1048 cedro
786 1006 936 1063 dignis
960 1038 972 1056 ‚
1003 1012 1049 1046 et
1080 1007 1304 1062 praecipue
1333 1006 1381 1044 in
1410 1004 1517 1052 Jus-

213 1068 300 1108 siaei
332 1064 573 1106 Generibus
596 1066 862 1122 plantarum
891 1065 1128 1107 secundam
1160 1065 1332 1105 ordines
1379 1072 1517 1104 natu-

212 1127 325 1168 rales
348 1126 573 1181 dispositis
611 1125 802 1167 Parisiis
848 1127 974 1182 1789.
1008 1122 1100 1175 8⁰.,
1134 1131 1179 1164 et
1221 1124 1270 1162 in
1323 1121 1517 1164 Brownii

211 1187 455 1228 Prodromo
477 1183 520 1225 F
519 1186 621 1228 lorae
644 1184 1073 1229 Novae-Hollandiae
1097 1216 1108 1234 ‚
1140 1191 1183 1226 et
1230 1181 1385 1223 insulae
1411 1196 1519 1222 van-

212 1246 428 1288 -Diemen
457 1243 654 1287 Londinz'
691 1248 827 1287 1810.
862 1243 942 1296 8⁰„
974 1258 1071 1301 quae
1104 1258 1241 1300 opera
1293 1250 1521 1283 nocturna

212 1306 434 1348 versanda
462 1320 602 1347 manu
630 1339 641 1357 ,
672 1305 894 1348 versanda
925 1305 1106 1346 diurna.
1139 1303 1300 1360 Itaque
1330 1303 1378 1343 in
1407 1301 1521 1343 clas-

214 1383 258 1409 se
291 1368 440 1424 prima
461 1398 473 1416 ,
502 1365 830 1423 Acotyledonz'a
860 1365 1000 1415 dicta,
1033 1370 1141 1405 sunt

284 1442 322 1468 1.
347 1426 475 1483 Algae
504 1458 514 1468 .
547 1440 590 1468 2.
623 1426 774 1483 Fangi
801 1457 811 1467 .
843 1427 884 1468 3.
925 1423 1213 1482 Hypoxyleae
1239 1455 1248 1465 .
1281 1425 1330 1477 4.
1359 1420 1520 1463 Liche-

217 1500 295 1528 nes
327 1519 336 1528 .
369 1490 409 1528 5.
446 1485 686 1544 Hepaticae
710 1519 720 1529 .
753 1487 800 1529 6.
829 1482 991 1529 Musei
1011 1517 1021 1527 .
1068 1499 1110 1540 7.
1155 1482 1482 1541 Lycopodineae
1506 1515 1517 1523 .

218 1548 259 1588 8.
295 1546 455 1589 Filices
481 1579 490 1589 .
543 1560 589 1602 9.
623 1546 780 1590 Clzarae
807 1579 818 1588 .
858 1560 924 1589 10.
957 1544 1162 1603 Equiseti
1194 1576 1204 1586 .
1252 1558 1319 1586 11.
1364 1542 1519 1585 Salvi-

218 1620 326 1649 nzae.

218 1667 270 1708 In
304 1666 446 1708 classe
473 1667 672 1709 secunda
702 1665 1112 1724 Monohypogynia

284 1741 349 1768 12.
382 1725 597 1783 Najades
624 1756 633 1766 .
677 1729 744 1769 13.
798 1725 988 1769 Saururi
1018 1758 1026 1767 .
1075 1726 1147 1778 14.
1179 1723 1361 1779 Piperes
1384 1754 1394 1762 .
1453 1722 1519 1762 15.

216 1785 418 1829 Aroideae
446 1820 456 1828 .
498 1787 561 1830 16.
599 1787 771 1846 Typhoe
792 1818 802 1829 .
837 1802 904 1844 17·
937 1785 1219 1844 Cyperoideae
1250 1815 1260 1824 .
1295 1784 1362 1824 18.
1403 1780 1521 1823 Gra-

218 1860 367 1888 mmeae
390 1879 400 1888 .

217 1905 270 1947 In
298 1904 443 1947 classe
476 1908 612 1947 tertia
642 1905 1031 1963 Monoperigynz’a

283 1980 349 2022 19.
383 1965 569 2007 Palmae.
603 1980 673 2008 2ο.
705 1965 966 2022 Asparagi.
1001 1978 1076 2007 21.
1109 1963 1388 2006 Restiaceae.
1447 1975 1523 2003 22.

218 2025 391 2074 Junci.
425 2028 501 2068 23.
531 2025 856 2068 Commelineae.
889 2028 962 2079 24.
1000 2024 1261 2067 Alismaceae
1285 2054 1294 2063 .
1325 2023 1396 2063 25.
1429 2021 1524 2064 Bu-

219 2088 324 2128 tomz'
347 2117 357 2127 .
391 2085 463 2128 26.
493 2084 784 2142 Juncagineae
811 2117 820 2127 .
852 2099 929 2142 27.
958 2084 1204 2128 Colchideae
1227 2116 1237 2125 .
1269 2084 1340 2124 28.
1372 2081 1494 2124 Lilia
1514 2112 1525 2123 .

220 2159 298 2201 29.
341 2144 576 2189 Bromeliae
597 2179 608 2190 .
654 2149 726 2189 30.
765 2145 1006 2204 Asphodeli
1035 2177 1045 2187 .
1098 2147 1170 2188 31.
1216 2143 1521 2186 Hemerocali-

221 2208 311 2248 deae
332 2237 343 2247 .

221 2266 276 2307 In
304 2264 448 2309 classe
474 2273 638 2323 quarta
668 2264 1028 2324 Monoepigynia

284 2329 360 2369 32.
417 2325 674 2370 Dioscoreae
703 2359 713 2369 .
773 2329 853 2381 1533.
905 2326 1116 2371 Narcissi
1146 2357 1155 2368 .
1215 2326 1288 2379 34.
1348 2322 1490 2366 Irides
1508 2355 1518 2365 .
