1669 2563
1295 137 1378 179 207

208 231 339 273 Intus
368 228 642 271 corniculata
661 259 671 276 ‚
704 225 820 267 idest
849 240 1036 270 exerens
1066 225 1314 271 lacinulam
1345 242 1442 269 cor-

148 290 388 333 niformem
420 305 444 330 e
476 287 618 329 fundo
659 285 1021 342 uniuscujusque
1052 284 1202 327 folioli
1233 286 1446 329 cuculla-

150 353 184 390 ti
212 383 221 392 .

148 409 491 465 Gynostemium
523 401 775 460 irregulare
812 401 1086 461 plerumque
1120 402 1322 446 trifidum
1354 412 1447 455 est,

148 469 362 523 luditque
405 465 571 506 lacinia
617 463 767 505 media
817 462 999 513 sterili,
1048 462 1321 504 lateralibus
1366 480 1450 504 an-

148 526 378 569 theriferis
398 557 408 574 ,
455 523 525 564 vel
557 531 715 563 contra
738 555 748 564 .
781 523 1067 580 Appendices
1101 522 1279 564 steriles
1311 538 1447 577 syne-

147 589 279 628 matis
310 600 335 625 a
359 584 563 624 Brownio
589 583 805 624 dicuntur
829 583 1065 637 filamenta
1090 583 1280 632 sterilia,
1315 598 1340 623 a
1371 582 1452 622 Ri-

148 644 318 687 chardo
349 644 640 685 staminodia.
682 643 971 684 Novissimus
1020 642 1147 684 hicce
1193 642 1334 684 habet
1370 658 1452 700 pro

148 705 347 747 antheris
377 704 601 745 abortivis
631 720 641 752 3
675 702 749 743 sed
783 703 1044 744 abortivum
1078 718 1168 744 non
1193 710 1261 744 est
1283 735 1296 753 ,
1328 701 1455 761 quod

148 773 355 806 constans
386 766 433 803 in
464 761 608 804 forma
636 795 646 812 ‚
680 771 724 804 et
755 771 988 804 structura
1029 765 1231 820 partium
1250 795 1260 804 .

147 824 349 865 Anthera
394 825 663 881 gynostemii
688 855 699 874 ‚
748 825 840 865 sive
888 821 1083 880 simplex
1108 855 1119 874 ‚
1162 824 1254 865 sive
1294 820 1456 863 multi-

151 884 260 942 plex
283 917 293 932 ,
322 892 390 924 est

211 943 484 984 Bilocalaris
509 975 519 992 ‚
555 943 646 983 sive
672 942 847 983 ditheca
874 975 883 984 .
918 941 1032 998 Ejus
1062 940 1209 983 loculi
1240 940 1318 984 vel
1352 943 1454 983 sim-

152 1003 409 1061 plicissimi,
435 1001 511 1043 vel
544 1001 975 1059 bi—pluri-locellati
1008 1017 1033 1043 a
1067 1004 1204 1058 septis
1229 1016 1319 1043 non
1350 1017 1457 1058 per-

153 1064 447 1111 durantibus,
475 1077 571 1118 quae
599 1064 774 1118 septula
800 1078 825 1103 a
855 1061 1084 1105 Richardo
1109 1069 1453 1119 nuncupantur.

212 1123 440 1165 Continuo,
465 1154 475 1173 ,
503 1137 608 1163 cum
640 1124 895 1164 substantia
925 1124 1196 1180 gynostemii
1228 1121 1359 1162 nulla
1384 1122 1458 1162 in-

153 1184 442 1239 terruptione
474 1182 746 1239 producitur
768 1184 814 1224 in
838 1184 1159 1224 connectivum
1191 1181 1457 1224 loculorum

158 1242 380 1284 antherae.

219 1301 472 1357 Stipitata,
505 1315 600 1357 quae
626 1299 822 1343 fulcitur
853 1300 1099 1352 filamento,
1134 1308 1235 1342 orto
1266 1315 1322 1342 ex
1348 1315 1458 1342 con-

158 1365 380 1403 tractione
429 1363 700 1419 gynostemii
755 1364 955 1420 supremi
985 1393 995 1403 .
1048 1362 1167 1404 Huic
1224 1364 1457 1403 contraria

159 1420 326 1464 sessilis
352 1453 361 1462 .

219 1481 434 1530 Ροείὶσα,
466 1494 563 1536 quae
594 1487 744 1522 erecta
775 1496 892 1537 pone
924 1480 1111 1522 dorsum
1144 1481 1369 1538 stigmatis
1391 1513 1400 1522 .

217 1539 544 1596 Superpossta,
578 1555 674 1597 quae
706 1555 850 1597 prona
882 1541 1114 1583 recumbit
1146 1543 1192 1581 in
1222 1539 1353 1582 fovea
1375 1555 1456 1580 an·-

157 1600 246 1641 tice
277 1606 496 1641 excavata
525 1601 571 1639 in
605 1602 732 1657 apice
765 1602 1036 1657 gynostemii
1062 1633 1072 1651 ‚
1106 1609 1151 1641 et
1185 1603 1270 1642 sita
1317 1614 1456 1656 supra

157 1661 323 1715 stigma
351 1691 362 1709 ,
394 1673 533 1715 quam
570 1658 748 1701 foveam
778 1660 1037 1703 Richardus
1082 1669 1216 1703 vocat
1264 1661 1457 1717 elynan-

157 1720 297 1759 drium
321 1751 331 1760 .
850 1743 857 1765 ο

158 1777 304 1820 Massa
350 1776 554 1834 pollinea
590 1779 937 1837 comprehendit
963 1813 974 1831 ‚
1008 1779 1237 1837 quidquid
1272 1777 1460 1836 pollinis

159 1837 416 1879 includitur
467 1840 513 1879 in
562 1853 654 1879 uno
699 1856 723 1882 e
768 1840 950 1881 duobus
995 1840 1188 1882 antherae
1248 1837 1457 1888 loculis;

162 1898 263 1938 ideo
295 1899 461 1953 quaevis
492 1898 710 1950 anthera,
742 1914 849 1941 cum
900 1898 1173 1942 bilocularis
1204 1901 1290 1950 sit,
1344 1899 1458 1940 duas

162 1971 327 1998 massas
358 1957 581 2013 pollineas
613 1962 816 2001 continet
839 1992 848 2002 .
881 1960 933 2001 In
964 1961 1136 2016 quibus
1168 1974 1276 2001 vero
1329 1958 1461 2016 plan-

164 2019 222 2056 tis
246 2031 391 2057 massa
420 2017 619 2074 pollinea
643 2019 868 2061 dividitur
899 2022 946 2061 in
970 2028 1120 2077 partes
1152 2019 1308 2077 plures
1333 2035 1359 2060 a
1390 2035 1461 2060 se-

165 2074 337 2132 ptulis,
369 2075 469 2117 ‘haec
513 2077 729 2134 pluribus
760 2079 973 2121 massulis
1010 2079 1204 2121 formata
1252 2080 1422 2120 dicitur
1447 2111 1457 2120 .

165 2134 313 2176 Massa
344 2135 542 2190 pollinea
571 2145 638 2179 est

158 2245 166 2259 ⁸
223 2192 432 2245 SectiliS‚
457 2211 554 2252 quae
584 2200 633 2238 in
675 2197 897 2240 massulas
939 2198 1054 2240 duas
1100 2197 1458 2255 longitudinales

170 2253 392 2296 dividitur
437 2270 464 2296 a
507 2256 687 2314 septulo
719 2289 730 2300 .
773 2258 826 2299 In
870 2258 954 2299 hac
998 2257 1203 2300 massula:
1252 2266 1459 2299 constant
