1669 2563
243 179 327 221 310

171 282 416 326 folliculus
449 281 670 341 globosus
694 315 705 335 ,
736 282 922 327 inflatus
946 314 959 335 ‚
992 298 1076 342 ope
1113 282 1273 341 petioli
1316 281 1477 327 affixus

173 343 396 385 Fucorum
428 343 580 386 cauli.

232 403 281 458 §.
320 406 414 458 184.
447 404 552 456 Quae
583 403 786 445 diximus
819 403 873 445 de
918 400 1027 461 pilis
1052 434 1062 453 ,
1097 401 1272 445 aculeis
1299 435 1311 453 ,
1346 401 1477 460 glan-

166 462 321 513 dulis,
354 463 588 506 coloribus
619 496 630 515 ,
654 464 893 514 odoribus,
929 463 1197 520 saporibus,
1235 464 1475 513 mensuris,

166 532 214 564 et
253 523 596 565 characteribus
628 539 706 581 per
737 524 1230 581 appropinquationem
1268 524 1315 565 in
1345 521 1478 580 plan-

164 585 224 625 tis
249 583 554 641 phaenocramis
586 617 598 634 ,
629 583 786 625 eadem
818 582 922 641 plus
943 585 1094 627 minus
1135 581 1291 626 valent
1338 583 1477 625 etiam

166 658 250 701 pro
283 643 452 702 plantis
490 646 835 702 cryptogamis.

666 763 818 805 CAPUT
850 761 954 804 V11.

478 881 551 923 DE
582 893 817 923 sprecmssus
847 892 1119 924 PLANTARUM
1149 913 1159 923 .

192 999 317 1058 Quid
342 1001 510 1058 species
534 1031 546 1050 ‚
591 999 808 1057 quomodo
853 998 1160 1041 determinetur
1181 1030 1194 1051 ,
1226 1008 1269 1043 et
1297 1015 1326 1042 a
1354 1015 1438 1043 va·-

525 1059 754 1103 rietatz'bus
775 1060 1077 1115 distinguatur
1092 1091 1103 1102 .

216 1179 263 1236 §.
302 1181 404 1223 185.
451 1179 542 1221 Tot
586 1180 758 1238 species
807 1176 1069 1237 plantarum
1118 1185 1419 1222 numerantur
1446 1212 1460 1232 ,

156 1248 273 1296 quot
319 1248 424 1282 sunt
454 1240 606 1282 formae
637 1240 823 1282 diversae
851 1270 861 1289 ‚
894 1253 1009 1297 quas
1047 1238 1239 1282 Creator
1292 1238 1463 1297 plantis

154 1302 290 1341 initio
323 1302 579 1358 impertivit
607 1333 618 1351 ,
650 1307 706 1341 ut
729 1299 794 1341 hae
826 1301 872 1341 in
904 1297 995 1340 alia
1023 1330 1034 1349 ‚
1067 1306 1207 1356 atque
1260 1299 1358 1342 alia
1395 1302 1462 1343 in·-

153 1360 346 1402 dividua
401 1367 625 1418 perpetuo
689 1367 975 1401 transeuntes
1018 1358 1178 1401 multis
1231 1361 1462 1417 vegetabi-

149 1419 267 1461 lium
300 1419 510 1463 millibus
540 1420 599 1461 ad
632 1434 714 1462 nos
759 1434 905 1478 usque
960 1421 1288 1477 pervenirent.
1334 1418 1461 1478 Ergo

151 1482 324 1536 species
356 1489 463 1522 sunt
494 1482 697 1539 primum
718 1512 730 1531 ,
762 1488 807 1521 et
833 1481 1113 1538 praecipuum
1143 1487 1317 1521 naturae
1342 1494 1462 1538 opus

151 1556 232 1597 per
268 1543 608 1599 generationem
640 1542 956 1582 continuatam
985 1538 1146 1582 formis
1183 1543 1460 1583 constantis-

151 1602 278 1643 simis
326 1609 666 1659 propagatum3
714 1603 860 1643 omnis
906 1614 1015 1642 vero
1048 1601 1243 1642 scientias
1296 1608 1460 1643 nostrae

147 1658 248 1702 finis
279 1662 325 1702 in
357 1660 700 1719 cognoscendis,
736 1668 781 1702 et
811 1659 1169 1702 determinandis
1200 1659 1324 1702 hisce
1356 1675 1459 1718 spe-

146 1722 305 1763 ciebus
327 1725 618 1778 potissimum
640 1728 868 1764 versatur.
901 1721 997 1762 Hac
1020 1721 1075 1763 de
1100 1735 1175 1771 re,
1209 1728 1456 1777 postquam

147 1779 203 1821 de
249 1784 460 1839 prosapia
512 1782 777 1839 plantarum
811 1797 837 1823 a
867 1781 1215 1824 characteribus
1263 1779 1451 1833 classis,

149 1839 324 1882 ordinis
348 1873 359 1890 ‚
391 1842 464 1883 vel
496 1841 679 1883 familiae
705 1874 716 1892 ,
751 1844 1022 1899 generisque
1067 1840 1412 1897 dignoverimus
1441 1874 1453 1892 ‚

146 1900 440 1942 statuendum
471 1901 526 1943 dc
558 1900 816 1944 differentia
847 1902 1103 1959 specierum
1147 1914 1174 1940 a
1221 1898 1455 1941 dissimili-

146 1960 310 2002 tudine
358 1963 571 2031 stirpium
624 1961 682 2002 ad
739 1961 859 2003 idem
906 1975 1048 2019 genus
1080 1961 1412 2018 pertinentium
1440 1994 1450 2004 .

145 2019 421 2063 Differentia
451 2023 537 2063 ista
569 2022 722 2064 statim
755 2036 835 2078 per
876 2036 920 2062 se
970 2019 1180 2063 excludit
1229 2027 1359 2061 notas
1405 2035 1451 2062 o—

149 2096 276 2122 mnes
304 2083 559 2138 agnationis
593 2115 603 2131 ,
636 2096 713 2123 seu
752 2082 969 2139 prosapiae
998 2113 1008 2131 ‚
1043 2087 1090 2122 et
1121 2078 1318 2137 phrasi,
1350 2095 1454 2137 quae

146 2140 319 2183 (licitur
348 2140 573 2199 specifica,
606 2149 653 2182 et
685 2143 744 2183 sit
774 2140 919 2192 clara,
953 2141 1227 2190 necessaria,
1261 2140 1451 2193 brevis,

143 2201 424 2243 exhibetur·
416 2220 426 2252 ς
459 2218 562 2244 nam
608 2203 723 2244 artis
766 2200 1068 2259 pulchritudo
1093 2234 1103 2251 ‚
1148 2208 1193 2241 ct
1225 2200 1453 2257 perfectio

141 2263 462 2318 compendium
484 2296 494 2313 ,
529 2264 899 2320 perspicuitatem
927 2295 937 2313 ,
975 2269 1020 2302 et
1051 2262 1321 2304 brevitatem
1362 2277 1447 2318 po-

143 2321 318 2364 stulant
351 2356 359 2364 .
394 2323 610 2381 Sequitur
652 2339 707 2365 ex
739 2321 811 2365 his
833 2355 843 2373 ,
877 2330 1008 2367 notas
1041 2319 1271 2380 specificas
1297 2355 1307 2373 2
1345 2337 1441 2379 qnae
