1669 2563
1361 148 1415 189 53

188 251 371 293 arbore:
413 251 513 293 ideo
543 257 587 292 et
619 247 783 291 circuli
820 248 959 307 lignei
999 263 1186 307 quaqua
1230 266 1387 294 versus
1415 269 1485 294 ec-

188 314 365 354 centri.

528 425 776 470 Alburnum
819 428 1106 485 coagulatum
1129 460 1140 471 .

245 550 290 606 ᾗ.
320 562 412 604 177·
439 545 717 598 Alburnum,
739 547 864 604 quod
880 548 1167 604 coagulatum
1187 546 1364 598 dieunt,
1385 556 1489 588 tuns·

188 611 390 652 occurrit
419 609 465 648 in
496 609 660 650 arbore
685 641 696 658 ,
728 623 835 650 cum
864 608 938 650 vel
965 611 1012 650 in
1046 615 1142 650 toto
1167 640 1178 658 ,
1213 608 1287 649 vel
1321 611 1365 648 in
1395 624 1492 664 par-

188 679 228 711 te
259 671 551 710 immutatum
584 677 801 717 remanet,
824 684 904 709 nec
935 670 982 709 in
1015 667 1271 725 perfectum
1314 668 1488 725 lignum

186 730 372 777 transit3
405 743 503 785 quae
548 744 617 770 res
662 744 719 770 ex
765 730 1113 786 superveniente
1159 728 1329 784 frigore
1376 727 1491 770 effici

183 796 467 846 compertum
499 797 599 839 est,
633 796 824 831 mortem
857 788 1056 831 alburno
1090 788 1312 830 inferente
1337 820 1347 829 .

241 848 286 904 §.
326 850 421 905 178.
454 847 780 890 Phaenomenon
812 848 898 891 hoc
929 849 987 890 ad
1012 848 1327 906 pathologiam
1365 846 1489 904 plan-

187 917 341 950 tarum
376 907 699 959 referendum3
732 917 871 967 atque
903 910 988 951 iste
1019 909 1210 951 morbus
1235 941 1245 958 ,
1279 906 1490 950 Hamelio

186 970 457 1011 observante
477 1001 494 1022 ,
524 971 572 1011 in
602 971 659 1012 iis
689 970 938 1012 arboribus
981 967 1271 1026 frequentius
1303 971 1456 1009 evenit
1483 1000 1492 1016 ,

184 1044 283 1086 quae
313 1027 525 1071 calidiori
558 1028 660 1071 loco
691 1031 870 1072 consitae
894 1062 906 1080 ‚
937 1043 991 1072 eo
1023 1030 1149 1087 quod
1180 1028 1362 1070 alterna»,
1390 1043 1493 1085 pra‘-

185 1090 382 1130 cocioris
412 1088 580 1132 caloris
605 1104 711 1132 cum
740 1088 912 1148 frigore
955 1091 1220 1146 insequente
1267 1091 1388 1130 vices
1419 1088 1490 1128 hic

189 1151 351 1205 saepius
380 1151 674 1207 contingant,
708 1158 754 1192 et
783 1151 1006 1208 incipiens
1037 1149 1289 1191 alburnum
1323 1148 1379 1189 ad
1417 1150 1489 1188 in—

191 1211 379 1250 teritum
402 1209 573 1252 ducant
597 1240 607 1251 .
634 1209 745 1251 Item
770 1224 868 1267 quae
895 1209 1058 1267 plantae
1080 1209 1347 1266 graciliores
1372 1215 1493 1256 sunt,

187 1284 293 1310 cum
327 1268 492 1311 harum
523 1270 696 1312 vicium
727 1271 879 1311 minus
911 1271 1133 1326 patientes
1163 1268 1299 1317 fiant,
1332 1266 1495 1309 albur-

192 1343 248 1369 no
290 1328 530 1371 demortuo
575 1330 720 1385 magis
752 1330 987 1371 obnoxiae.
1020 1329 1172 1381 Quare
1217 1330 1405 1369 arbores
1450 1331 1493 1366 in

190 1388 336 1446 plagis
361 1389 540 1431 diutius
560 1388 880 1445 frigidioribus
905 1387 1121 1439 firmiore,
1148 1396 1194 1430 et
1219 1390 1396 1429 saniore
1436 1386 1497 1427 li-

188 1463 276 1505 gno
317 1447 518 1504 pollent3
564 1451 641 1489 cui
668 1450 731 1488 rei
761 1450 903 1504 probe
950 1448 1406 1489 animadvertcndum
1438 1448 1494 1486 al,

188 1510 260 1557 iis,
287 1509 367 1563 qui
395 1509 544 1566 operis
568 1508 780 1565 lignarii,
815 1507 890 1548 vel
940 1508 1134 1549 serendae
1171 1507 1308 1562 sylvae
1338 1521 1496 1547 curam

190 1568 390 1610 habent.

410 1685 577 1731 Forma
606 1687 765 1731 conica
808 1686 952 1730 caulis
976 1686 1282 1744 perdurantis.

248 1806 295 1862 §.
348 1822 444 1865 179.
492 1806 659 1850 Plantae
691 1806 1049 1863 dicotyledonoae
1070 1839 1081 1858 ‚
1106 1821 1205 1864 quae
1230 1805 1497 1847 herbaceam

189 1865 364 1909 habent
395 1875 608 1910 naturam
628 1900 639 1918 ‚
672 1876 717 1909 et
749 1868 926 1918 eodem,
963 1883 1056 1924 quo
1078 1875 1348 1917 nascuntur,
1383 1881 1499 1907 auno

191 1929 458 1969 moriuntur
484 1961 495 1980 ‚
528 1927 810 1985 gemmulam
847 1928 1234 1986 simplicissimam
1259 1960 1270 1978 ,
1294 1942 1376 1968 nec
1400 1926 1503 1967 aliia

192 1985 344 2029 foetam
371 1990 561 2047 gemmis
579 2021 590 2039 ‚
625 1988 858 2046 possident
883 2021 894 2039 ,
929 2003 1027 2045 quae
1052 1990 1192 2029 unius
1215 1989 1320 2028 anni
1354 1990 1500 2044 spatio

192 2045 440 2099 evolvitur,
463 2063 700 2106 unumque
720 2063 935 2091 vasorum
959 2048 1352 2106 lymphaticorum
1375 2048 1501 2088 ordi-

197 2121 297 2148 nem
317 2139 328 2158 ,
361 2108 580 2166 pluribus
611 2109 800 2168 quidem
834 2111 1012 2153 retibus
1033 2107 1284 2152 conflatum
1306 2140 1318 2159 ,
1349 2108 1503 2166 adipi-

200 2174 344 2209 scltur
369 2201 380 2210 .

259 2225 303 2281 ᾗ.
342 2231 437 2270 180.
470 2229 530 2270 At
576 2227 738 2286 plantae
783 2228 1140 2286 dicotyledoneae
1174 2226 1306 2272 caule
1338 2243 1502 2285 peren-

196 2293 354 2329 nantes
383 2292 627 2346 quotannis
649 2289 772 2332 mole
801 2298 1029 2350 augentur
1057 2324 1068 2342 ,
1116 2290 1262 2333 donec
1308 2289 1499 2331 viridior
