1669 2563
1260 141 1340 185 103

94 247 197 299 illi3
235 254 393 291 contra
435 245 597 305 frigus,
629 250 674 286 et
705 238 897 285 tenebrae
940 245 1033 285 cito
1064 244 1362 289 adversantur
1389 279 1401 290 .

95 306 284 351 Summa
333 322 518 366 quoque
550 311 617 346 est
641 337 651 353 ‚
678 317 774 360 quae
804 304 922 344 inter
954 302 1069 344 hanc
1099 336 1110 353 ‚
1157 313 1203 346 et
1252 308 1407 347 nutri..

97 377 298 410 mentum
336 367 495 425 plantae
524 362 808 406 necessitudo
829 361 1087 412 intercedit3'
1111 363 1408 407 exsudatione

97 431 221 470 enim
248 435 383 470 aucta
408 458 419 476 ,
450 424 519 466 vis
549 431 746 480 augetur
770 454 782 473 ‚
814 436 908 479 qua
928 420 1086 479 planta
1133 421 1408 467 alimentum

100 490 280 546 poscit,
312 493 357 527 et
390 483 529 526 sumit
560 515 571 534 ‚
604 491 650 524 et
679 483 910 532 vicissim3
942 480 1067 539 quod
1098 495 1205 524 cum
1249 481 1410 524 horto-

105 563 203 589 rum
235 544 442 587 cultores
475 543 619 600 probe
649 544 861 584 noverint
880 574 890 592 ,
923 550 1168 598 utramque
1198 549 1295 582 arte
1320 544 1404 583 im-

104 609 337 655 minuunt,
373 605 436 645 sic
469 610 523 644 ut
569 601 735 660 plantae
787 603 955 643 minori
1001 608 1115 642 testa
1173 608 1412 642 coarctatae

106 666 244 722 magis
267 666 314 705 in
347 661 508 706 florem
538 693 548 712 ‚
581 670 627 704 et
656 661 888 713 fructum,
943 675 1082 720 quam
1116 662 1164 702 in
1193 659 1415 702 foliorum

107 725 344 768 luxuriem
376 722 675 781 explicentur
698 754 709 763 .

161 784 207 840 §.
243 786 346 826 321.
378 783 526 840 Atqui
558 782 650 824 haec
682 780 838 824 eadem
891 779 1033 823 ferme
1063 781 1336 837 contingunt
1368 781 1415 821 in

106 843 420 887 animalibus.
456 842 616 886 Eritne
649 843 793 900 igitur
840 843 958 884 ratio
1011 839 1169 897 aliqua
1222 840 1416 895 hujusce

107 897 430 946 exsudationis
456 902 642 962 plantas
676 905 810 953 inter,
837 909 883 944 et
913 899 1155 943 animalia?
1187 899 1415 949 Halesius‚

107 962 330 1021 periculis
361 965 458 1008 suis
492 979 632 1020 super
663 962 914 1004 Heliantlzo
951 962 1176 1004 institutis
1203 993 1214 1011 ,
1240 969 1285 1002 et
1309 974 1419 1001 cum

107 1024 397 1066 Santorianis
453 1022 509 1065 de
541 1023 722 1066 homine
754 1021 938 1064 collatis
963 1052 974 1072 ,
1007 1023 1184 1070 statuit,
1217 1019 1416 1077 plantas,

108 1085 282 1126 caeteris
313 1083 506 1143 paribus
526 1115 537 1135 ,
572 1083 706 1141 longe
736 1084 880 1141 magis
911 1096 1051 1140 quam
1085 1080 1292 1122 homines
1336 1095 1418 1122 ex·-

112 1143 281 1186 sudare
314 1176 324 1186 .

171 1204 215 1260 §.
250 1205 349 1246 322.
380 1201 450 1245 De
482 1216 587 1244 aere
613 1200 844 1260 oxygenio
863 1234 875 1253 ,
906 1215 1044 1259 quem
1088 1197 1252 1258 plantae
1299 1200 1419 1240 inter

117 1263 437 1321 respirandum
468 1260 690 1305 emittunt
714 1295 725 1313 ‚
757 1263 851 1318 jam
905 1263 1081 1318 egimus
1103 1293 1113 1302 .
1166 1259 1383 1316 Superest
1407 1289 1418 1309 ‚

115 1330 169 1363 ut
200 1323 260 1364 de
293 1323 514 1366 odoribus
533 1354 544 1373 ‚
577 1325 669 1364 sive
696 1322 749 1362 de
783 1318 1027 1363 odoriferis
1058 1318 1320 1376 plantarum
1351 1316 1422 1359 ef-

112 1381 282 1423 fluviis
356 1390 692 1439 pertractemus
721 1413 731 1422 .
782 1381 881 1423 Haec
935 1380 1183 1438 praesertim
1236 1376 1423 1421 avolant

114 1457 142 1483 a
197 1439 390 1498 floribus
416 1473 428 1491 ,
486 1441 562 1482 sed
596 1448 641 1482 et
697 1440 755 1482 ab
806 1440 898 1481 alia
938 1448 1214 1496 quacunque
1269 1439 1423 1494 stirpis

114 1509 245 1559 parte
268 1533 278 1543 .
310 1500 448 1542 Modo
480 1499 655 1541 olfactu
688 1501 845 1541 suavia
877 1507 982 1541 sunt
1004 1531 1015 1550 ,
1049 1499 1186 1539 modo
1239 1496 1424 1539 foetidis-

118 1563 232 1602 sima
259 1592 269 1611 ,
303 1574 426 1602 nunc
449 1561 582 1602 nobis
612 1554 834 1610 innocua,
862 1574 981 1599 nunc
1008 1560 1205 1599 maxime
1233 1556 1422 1599 infensa.

114 1621 293 1662 Sensus
323 1628 480 1662 autem
512 1627 691 1661 nostros
738 1618 811 1660 vel
851 1621 1097 1668 continue,
1142 1615 1217 1658 vel
1267 1619 1427 1674 paucis

120 1681 212 1722 diei
239 1680 368 1721 horis
391 1712 403 1731 ‚
435 1677 510 1722 vel
541 1679 746 1721 interdiu
790 1686 985 1728 tantum,
1017 1677 1091 1719 vel
1122 1683 1301 1718 tantum
1350 1691 1429 1717 no-

118 1749 198 1783 ctu
229 1737 425 1791 feriunt,
461 1739 601 1798 idque
618 1741 761 1797 magis
791 1737 971 1781 faciunt
995 1753 1064 1788 ea,
1087 1751 1184 1795 quae
1216 1735 1428 1793 aliquan-

118 1803 266 1858 tisper
320 1800 493 1842 distant
518 1833 529 1851 ,
579 1815 722 1858 quam
776 1814 872 1857 quae
927 1798 1097 1857 plantis
1145 1798 1429 1854 proximiora

121 1869 261 1911 sunt3
294 1870 406 1904 tunc
430 1861 551 1903 enim
581 1857 826 1910 liberiora,
853 1867 898 1902 et
923 1859 981 1902 ab
1008 1858 1131 1901 omni
1159 1870 1333 1916 aquoso
1354 1870 1430 1900 va-

123 1935 235 1979 pore
263 1919 418 1963 soluta
438 1954 448 1963 .

183 1981 227 2036 §.
261 1982 361 2024 323.
393 1978 606 2037 Chymici
633 1975 950 2022 distillationis
982 1976 1163 2021 auxilio
1190 1976 1281 2020 haec
1315 1976 1429 2019 odo-

125 2039 266 2082 rifera
297 2043 524 2099 principia
555 2040 830 2100 plerumque
870 2041 1120 2098 sejungunt
1167 2053 1194 2080 a
1225 2037 1429 2097 plantis,

127 2108 266 2158 atque
296 2103 360 2143 ita
390 2103 623 2158 sejuncta,
656 2110 701 2144 et
753 2100 933 2159 liquore
986 2098 1188 2158 quodam
1241 2105 1435 2155 excepta

129 2162 378 2217 spirituum
403 2169 650 2213 rectorum,
668 2160 743 2204 vel
768 2162 976 2203 oleorum
1000 2159 1263 2202 volatilium
1286 2159 1434 2200 nomi-

130 2235 186 2261 ne
217 2220 518 2279 distinguunt.
550 2222 669 2265 Cum
701 2236 809 2264 vero
839 2220 966 2263 calor
995 2218 1296 2262 diversimode
1329 2225 1434 2276 agat

138 2282 186 2322 in
215 2279 380 2332 illa,et
410 2282 642 2325 interdum
673 2289 959 2339 corrumpat⁴
979 2282 1120 2340 igitur
1141 2294 1233 2323 non
1282 2279 1433 2321 omnia
