1669 2563
1293 128 1376 182 317

421 249 1164 361 INDEX

193 450 691 522 LIBRORUM
750 449 871 516 ET
935 447 1356 518 CAPITUM
1384 508 1394 518 .

144 673 337 748 LIBER
365 706 571 747 PRIMUS
587 735 596 744 .
618 706 688 746 De
708 711 941 755 structura,
958 710 1000 744 et
1017 702 1308 757 functionibus
1319 704 1450 758 plan-

202 771 342 868 th’larJibiii
363 776 423 855 {a
425 775 519 855 217:bel
529 790 746 854 ‘elementis
761 843 772 862 ‚
799 821 843 853 et
872 813 1043 867 organis
1063 810 1328 865 primigeniis
1339 827 1390 867 p.
1414 828 1449 852 1.

198 870 339 923 Caput
368 870 424 908 II.
454 871 524 908 De
545 870 787 923 primordiis
808 869 1061 922 plantarum
1082 879 1130 919 p.
1161 868 1226 908 16.

196 925 338 977 Caput
366 925 444 963 III.
472 924 542 963 De
568 925 727 977 plantis
756 921 1079 974 dicotyledoneis
1100 934 1149 973 p.
1178 925 1248 975 41.

198 979 342 1031 Caput
371 979 446 1019 IV.
474 979 544 1017 De
566 979 734 1031 plantis
763 975 1158 1028 monocotyledoneis
1178 991 1226 1030 p.
1258 975 1325 1016 63.

198 1034 338 1086 Caput
369 1034 420 1074 V.
450 1033 520 1071 De
551 1033 721 1086 reliquis
752 1033 945 1084 organis,
974 1044 1065 1084 quae
1095 1032 1354 1079 communia,
1392 1030 1453 1071 oet

257 1090 428 1140 propria
455 1087 794 1138 dicotyledonez's,
813 1094 854 1126 et
873 1083 1270 1133 monocotyledoneis
1283 1085 1455 1138 plantis

197 1142 440 1249 Ga1171ut695i1.
478 1194 771 1246 Pliysiologica
814 1195 866 1235 de
910 1196 1168 1236 nutrimento
1202 1192 1456 1247 plantarum

257 1251 620 1303 plzaenogamarum
652 1263 704 1302 p.
732 1249 798 1287 80.

204 1304 345 1357 Caput
372 1306 465 1347 VII.
495 1305 564 1344 De
592 1304 856 1358 generatione
878 1303 1129 1357 plantarum
1150 1301 1454 1357 phaenogama-

201 1373 348 1465 C'arl'ruuntz
368 1361 586 1454 {sifi-onssbe
613 1411 777 1464 plantis
805 1411 1107 1463 acotyledoneis
1127 1425 1175 1464 p.
1201 1409 1292 1463 137.

149 1468 317 1559 LIBER5
336 1466 650 1508 SECUNDUS.
670 1467 740 1506 De
769 1467 1111 1509 determinatione
1132 1465 1385 1520 plantarum
1406 1479 1456 1518 p.

269 1536 282 1560 ι
350 1551 360 1561 .

203 1536 344 1628 Οαραῖ
373 1576 407 1615 Ι.
439 1575 699 1615 Distributio
726 1575 932 1628 generalis
953 1576 1204 1629 plantarum
1228 1587 1276 1627 p.
1309 1573 1402 1626 157.

205 1630 347 1683 Caput
374 1631 428 1669 ΙΙ,
458 1631 528 1669 De
556 1630 865 1670 characteribus
890 1644 969 1684 pro
1014 1628 1300 1681 dignoscendis
1340 1626 1458 1666 ordi-

261 1684 379 1723 nibus
400 1713 412 1733 ,
431 1685 641 1738 familiis,
669 1692 710 1723 et
738 1685 954 1736 generibus
993 1685 1248 1738 plantarum
1284 1682 1456 1735 phaeno-

259 1752 477 1790 gamarum
501 1752 547 1790 p.
581 1739 677 1792 164.

204 1792 344 1846 Caput
372 1793 447 1831 III.
484 1793 554 1831 De
583 1791 891 1832 characteribus
914 1806 995 1845 pro
1023 1790 1313 1844 dignoscendis
1340 1789 1457 1829 ordi-

260 1848 381 1887 nibus
402 1875 414 1896 ,
432 1848 616 1900 familiis
635 1876 646 1894 ,
677 1856 717 1886 et
745 1846 963 1900 generibus
991 1847 1244 1900 plantarum
1291 1852 1462 1897 crypto-

264 1915 481 1952 gamarum
509 1915 552 1953 p.
584 1900 678 1953 239.

207 1955 346 2008 Caput
376 1956 447 1996 IV.
488 1957 558 1995 De
605 1955 817 1995 ordinibus
843 1984 855 2004 ,
891 1954 1105 2009 familiis,
1152 1961 1195 1993 et
1243 1951 1459 2007 generibus

257 2011 506 2062 plantarum
528 2025 576 2064 p.
612 2008 709 2048 253.

212 2063 352 2116 Caput
379 2065 433 2104 V.
461 2065 531 2103 De
558 2062 866 2104 characteribus
887 2076 966 2116 pro
995 2062 1282 2115 dignoscendis
1301 2061 1460 2116 specie-

264 2118 337 2157 bus
359 2118 606 2171 plantarum
631 2119 999 2171 pliaenogamarum
1022 2132 1072 2171 p.
1102 2117 1197 2158 265.

212 2171 352 2225 Caput
380 2173 453 2212 VI.
483 2173 553 2213 De
582 2173 892 2212 characteribus
912 2185 993 2225 pro
1035 2170 1321 2224 dignoscendis
1367 2181 1463 2223 spe-

273 2227 410 2265 ciebus
433 2226 679 2278 plantarum
708 2234 1072 2280 cryptogamarum
1099 2240 1145 2279 p.
1175 2225 1270 2278 296.

215 2280 354 2335 Caput
390 2281 484 2323 VII.
512 2281 583 2322 Dc
610 2281 814 2335 speciebus
834 2281 1087 2336 plantarum
1112 2294 1164 2335 p.
1191 2281 1285 2322 310.
