1669 2563
1299 115 1386 168 173

221 218 481 261 Solitariam
504 250 514 267 ‚
548 215 621 257 vel
654 214 787 272 plura
809 213 1086 269 fasciculam
1109 248 1118 257 .

222 279 445 335 Filzsorme
470 310 481 327 ,
537 276 859 332 cylitzdracezam
907 306 919 324 ,
974 275 1200 329 globosum
1222 309 1231 324 ‚
1280 285 1461 317 ovatum

164 353 191 379 a
224 338 369 380 forma
399 369 408 378 .

218 398 424 439 Erectum
456 426 466 443 ‚
493 395 690 435 Strictum
714 423 725 441 ‚
750 407 857 434 cum
890 406 1071 433 sursum
1101 392 1320 449 dirigitur
1348 426 1357 434 .

220 456 502 511 Pendulum,
531 467 637 493 cum
669 449 909 493 flaccidum
934 449 1190 493 deflectitur
1220 484 1229 493 .

220 515 411 559 Nudum
443 515 536 554 sine
570 510 816 554 bracteolis
846 510 1085 553 floriferis.

218 575 504 617 [fabricatam
551 587 578 614 a
627 571 875 614 bracteolis
928 571 1016 613 sibi
1047 572 1242 613 invicem
1292 572 1467 612 incum-

166 635 387 678 bentibus
416 665 426 675 .

701 750 920 793 Rae-emas
947 783 957 793 .

216 872 261 929 ξ.
296 874 366 925 24.
398 870 617 913 Raeemus
647 868 696 911 fit
728 869 992 927 pedunculo
1052 871 1281 912 instructo
1338 871 1475 910 ramis

160 932 455 981 lateralibus,
487 931 705 973 brevibus
731 962 743 980 ‚
774 932 856 987 qui
900 931 1004 972 ideo
1063 945 1300 988 nunquam
1335 932 1473 971 susti-

159 1001 268 1034 nent
296 990 429 1032 flores
459 989 712 1048 fastigiatos
746 1022 755 1030 .
790 991 976 1031 Dicitur

220 1052 443 1108 Simplex,
471 1050 546 1093 vel
576 1052 843 1106 compositas
874 1066 899 1091 a
933 1048 1209 1108 pedunculis
1240 1048 1472 1098 indivisis,

161 1112 234 1155 vel
269 1113 455 1153 ramosis
482 1143 492 1154 .
1135 1153 1138 1156 ,

225 1172 427 1213 Pedatas
459 1186 485 1211 a
521 1167 786 1227 pedunculo
817 1167 956 1210 bifido
980 1200 992 1221 ,
1024 1167 1169 1210 latere
1200 1174 1382 1210 tantum
1408 1168 1477 1207 in-

165 1234 334 1274 teriore
369 1244 601 1272 ramorum
633 1228 880 1286 pedicellos
911 1228 1081 1270 ferente
1102 1260 1112 1270 .

227 1292 510 1347 Conjugatus
530 1323 541 1341 ,
573 1303 681 1330 cum
715 1287 889 1330 inferne
922 1287 1012 1329 fert
1043 1301 1223 1329 ramum
1268 1300 1475 1328 racemo-

166 1367 267 1395 sum
290 1353 508 1406 utrinque
533 1363 677 1391 unum
703 1381 713 1390 .

241 1410 533 1453 Unilateralis
555 1441 567 1460 ,
608 1408 826 1451 secundus
855 1440 867 1458 ,
895 1409 954 1449 ab
986 1414 1117 1459 ortu,
1149 1415 1195 1448 et
1223 1407 1476 1447 directione

167 1469 331 1512 florum
364 1502 374 1511 .

232 1529 422 1571 Erectus
444 1561 455 1580 ‚
479 1536 664 1585 patens,
694 1527 942 1584 dependens
972 1541 999 1567 a
1033 1525 1284 1566 directione
1317 1540 1398 1567 sua
1420 1556 1430 1565 .

227 1588 399 1633 Nudas
421 1621 432 1640 ‚
450 1589 647 1646 foliatus
676 1602 704 1630 a
734 1585 918 1629 defectu
943 1619 956 1637 ,
987 1585 1063 1628 vel
1094 1587 1327 1644 praesentia
1357 1586 1467 1627 hra-

167 1657 373 1693 ctearum
392 1681 402 1691 .

717 1767 914 1825 leyrsus
938 1799 948 1809 .

227 1889 273 1945 §.
307 1889 380 1932 25.
418 1887 616 1945 Thyrszcs
648 1894 716 1930 est
744 1901 951 1930 racemus
984 1893 1180 1936 erectus,
1211 1890 1474 1928 coarctatus

177 1950 226 1989 in
257 1948 452 1991 formam
484 1956 683 1999 ovatam,
717 1948 1054 2005 pyramidatam
1082 1980 1093 1998 ‚
1127 1955 1210 1988 aut
1242 1948 1445 1987 cronicam
1472 1976 1481 1984 0

169 2008 445 2066 Appellatur

231 2069 431 2125 Simplex
461 2101 472 2119 ‚
501 2071 770 2124 compositus
793 2102 804 2119 ‚
848 2069 992 2112 nudus
1021 2101 1032 2119 ‚
1064 2065 1282 2125 foliatm,
1340 2071 1479 2124 prout

173 2128 376 2171 diximus
410 2129 465 2171 de
500 2143 678 2171 racemo
706 2162 718 2173 .
