1669 2563
1362 191 1416 233 35

185 289 580 331 observationibus
612 286 806 329 Scheelii
825 320 833 329 .
859 287 1096 330 Achardus
1126 305 1233 332 vero
1253 324 1264 342 ‚
1311 294 1477 337 Carra-

185 349 343 390 dorius
368 381 378 399 ,
411 347 648 404 Goughius
673 379 683 397 ‚
732 347 1150 390 Cruickshanohius
1175 383 1186 400 ‚
1230 360 1276 392 et
1327 354 1476 396 Theo-

183 408 324 451 dorus
356 409 621 450 Saussurius
652 406 782 447 nulla
813 410 980 449 semina
1012 410 1182 467 absque
1215 425 1315 453 aere
1362 428 1476 469 oxy-

183 471 317 526 genio
342 469 593 525 germinare
627 466 995 509 demonstrarunt
1022 501 1031 510 .

244 528 287 583 §.
326 541 417 568 121.
451 527 551 578 Quo
584 529 743 582 purior
775 543 850 568 aer
877 531 1130 586 oxygonius
1154 531 1312 571 semini
1339 547 1476 588 supra

182 587 430 636 incumbit,
464 601 515 627 eo
548 587 685 627 citius
719 590 987 643 germinatio
1020 592 1248 630 excitatur
1277 622 1288 640 ‚
1322 592 1396 632 sed
1423 608 1475 633 eo

179 648 312 687 citius
328 660 511 702 quoque
536 645 743 702 plantula
764 649 944 689 interit.
972 648 1078 689 Ideo
1106 649 1474 706 atmosphaerieus

179 720 255 747 aer
308 707 499 746 mistura
532 720 612 746 sua
645 705 861 763 plantulae
914 712 1115 750 nascenti
1164 712 1335 766 aptior.
1369 711 1474 763 Quae

178 779 284 806 vero
309 767 477 806 semina
521 768 640 806 intra
675 782 840 823 aquam
892 771 1174 824 germinant,
1208 770 1252 811 id
1298 770 1475 812 faciunt

178 839 261 882 ope
292 827 407 866 aeris
440 827 652 882 oxygenii
679 858 689 876 ,
723 830 801 882 qui
835 828 906 868 Vel
935 844 1107 885 purus,
1139 829 1212 870 vel
1247 831 1331 871 sub
1385 830 1474 871 for-

175 900 247 925 ma
277 887 393 926 aeris
425 885 751 942 atmosphaeriei
785 891 1009 945 reperitur
1041 891 1087 930 in
1118 905 1253 946 aqua,
1301 892 1473 947 quique

175 945 232 985 ad
263 945 308 986 id
340 948 540 986 muneris
572 948 844 1002 aptissimus,
878 963 983 990 cum
1017 957 1224 992 octavam
1273 950 1473 992 volumi-

174 1007 243 1045 nis
275 1020 399 1061 aquae
432 1013 607 1063 partem
641 1022 785 1063 purus
815 1011 1064 1065 aequiparat
1090 1042 1099 1051 .

234 1064 278 1120 ᾗ.
317 1079 409 1107 122.
444 1065 607 1108 Rollus
641 1069 852 1123 opinatus
884 1078 985 1120 est,
1011 1084 1157 1111 aerem
1190 1072 1468 1127 oxygonium

175 1126 341 1182 partim
396 1141 421 1166 a
448 1128 614 1171 semine
669 1130 950 1184 germinante
983 1130 1255 1180 absorberi,
1307 1134 1473 1187 partim

174 1199 280 1225 cum
333 1186 550 1227 carbonio
608 1189 787 1228 seminis
838 1190 1055 1246 conjungi
1085 1222 1095 1239 ‚
1149 1199 1193 1231 et
1242 1193 1289 1231 in
1320 1206 1471 1232 aerem

174 1244 357 1284 acidum
407 1247 702 1287 carbonicum
752 1250 959 1290 mutari.
992 1250 1051 1289 At
1076 1250 1347 1291 Saussurius
1392 1251 1471 1291 de-

173 1306 443 1345 monstravit
473 1338 483 1356 ‚
542 1313 687 1346 totum
738 1321 886 1347 aerem
943 1312 1221 1365 oxygonium
1247 1341 1257 1359 ,
1309 1313 1388 1366 qui
1422 1313 1468 1350 in

173 1364 466 1420 atmosphaera
497 1367 789 1421 germinantis
822 1368 1000 1408 semiilis
1034 1371 1285 1418 evanescit,
1319 1372 1365 1409 in
1395 1385 1472 1411 ae·-

174 1438 267 1463 rem
299 1424 481 1464 aeidum
521 1426 818 1465 carbonicum
874 1427 1034 1478 abire,
1078 1444 1182 1469 oum
1234 1431 1467 1470 novissimi

172 1482 312 1537 hujus
330 1485 446 1524 aeris
484 1483 699 1524 volumen
721 1484 945 1526 volumini
963 1490 1076 1528 aeris
1113 1491 1327 1543 oxygonii
1369 1504 1469 1530 eva-

171 1546 390 1584 nescentis
430 1545 611 1582 omnino
637 1544 903 1599 respondeat
925 1577 934 1585 .
968 1545 1031 1587 Re
1054 1548 1238 1602 quidem
1264 1563 1368 1588 vera
1400 1564 1470 1589 se·-

171 1605 292 1643 mina
323 1604 619 1659 germinantia
653 1606 771 1643 intra
803 1612 985 1645 centum
1040 1605 1230 1662 pollices
1280 1608 1467 1649 eubioos

170 1664 285 1703 aeris
317 1663 644 1719 atmosphaerici
669 1696 679 1713 ‚
713 1665 792 1719 qui
826 1678 970 1705 unum
996 1674 1039 1705 et
1073 1668 1237 1722 viginti
1278 1667 1468 1723 pollices

172 1723 361 1763 cubit-os
416 1725 531 1764 aeris
582 1726 794 1780 ‹nygenii
822 1756 832 1774 ,
866 1733 911 1765 et
967 1729 1253 1783 septuaginta
1307 1742 1468 1769 novem

169 1785 285 1823 aeris
315 1786 433 1823 azoti
469 1783 697 1840 possizlent
719 1816 729 1833 ‚
762 1786 1111 1840 quatuordeeim
1143 1785 1334 1843 pollices
1385 1802 1468 1828 cu-

170 1843 297 1884 bioos
325 1846 438 1884 aeris
471 1844 587 1884 acidi
620 1845 851 1885 carbonici
884 1846 1270 1902 suppeditarunt,
1318 1863 1467 1888 renia-

168 1904 384 1944 nentibus
411 1906 458 1943 in
485 1904 710 1945 ambiente
743 1920 844 1945 aere
877 1915 1046 1962 septem
1100 1906 1353 1963 pollicibus
1385 1923 1470 1949 cu-

169 1963 283 2004 bicis
313 1965 428 2005 aeris
459 1966 672 2019 oxygenii
701 1996 710 2005 .
756 1964 972 2006 Praeterea
1025 1966 1144 2007 idem
1196 1967 1464 2008 Saussurius

171 2024 448 2073 observavit,
481 2019 782 2080 quantitatem
815 2027 933 2066 aeris
958 2027 1077 2067 acidi
1110 2028 1343 2070 carboniei
1383 2043 1467 2068 au·-

172 2085 302 2138 geri,
337 2086 417 2125 ubi
451 2099 551 2124 aere
585 2087 809 2141 oxygenio
839 2118 849 2136 ,
884 2084 984 2127 loco
1036 2089 1152 2128 aeris
1206 2088 1467 2145 atmosphae-

170 2144 252 2182 rici
280 2176 290 2194 ‚
324 2159 405 2201 pro
439 2146 761 2202 germinatione
789 2147 1008 2187 seminum
1055 2147 1301 2189 obtinenda
1352 2163 1464 2190 usus

171 2200 313 2243 fuerit
340 2236 349 2245 .

230 2262 274 2316 ξ.
314 2265 408 2305 123.
440 2264 628 2306 Diversa
659 2266 774 2306 aeris
806 2268 1018 2323 oxygenii
1051 2267 1170 2310 dosis
1207 2269 1459 2325 requiritur

170 2336 254 2377 pro
286 2325 635 2379 germinantium
669 2327 891 2368 seminum
921 2326 1181 2372 diversitate
1204 2361 1214 2371 .
1270 2329 1459 2369 Initium
