1669 2563
253 180 334 233 104

173 290 364 342 possunt
420 281 719 327 distillatione
770 281 970 326 obtineri
997 279 1198 341 ,Neque
1240 279 1356 334 lux,
1400 298 1483 328 ne-

174 359 265 401 que
319 345 509 387 tenebrae
558 344 714 387 eadem
755 344 1000 387 immutant
1026 375 1039 395 ,
1089 343 1167 386 sed
1218 358 1483 402 oxygenum

175 419 284 461 saepe
308 405 502 447 destruit
524 435 534 446 .
566 404 672 457 Quae
718 401 873 446 foetent
897 435 909 456 ‚
957 402 1169 446 delentur
1199 403 1260 447 ab
1309 403 1482 455 acidis;

172 479 270 521 quae
299 479 456 506 aroma
485 473 611 522 grate
643 463 796 515 olent,
829 479 935 506 cum
987 462 1084 506 illis
1128 465 1481 506 consociantur.

169 523 357 566 Alkalia
385 524 700 582 graveolentes
747 531 919 584 augent
972 523 1237 583 plantarum
1280 524 1443 567 odores
1469 554 1482 574 ,

171 585 451 643 extinguunt
481 587 755 629 aromaticus
778 614 790 626 .

679 763 833 807 Cum-1·
874 762 978 806 VII.

220 882 294 926 Dr„
337 894 658 926 esuznuroxm
710 895 984 926 nam-Anum
1026 895 1437 926 ruaewocAMAnum.

601 1031 788 1076 Gemmae
805 1029 1018 1090 floriferae
1046 1060 1058 1077 ·

229 1180 275 1236 ς.
309 1183 410 1235 324.
441 1179 644 1231 Plantae,
678 1179 734 1221 de
766 1179 941 1237 quibus
984 1178 1228 1238 hucusque
1274 1181 1478 1239 egimus,

171 1238 490 1283 foeeundantur
524 1256 605 1298 per
638 1253 808 1297 organa
838 1238 1059 1297 genitalia
1090 1241 1138 1282 in
1166 1237 1359 1284 floribus
1403 1241 1482 1284 de-

168 1302 325 1357 gentia
357 1332 367 1351 ,
403 1308 458 1341 ut
489 1298 723 1342 fructibus
758 1301 853 1342 suis
885 1302 1086 1357 speciem
1121 1299 1284 1342 deinde
1315 1316 1484 1359 propa-

168 1368 277 1416 gent
303 1393 313 1402 .
339 1359 497 1403 Flores
527 1362 604 1402 isti
627 1361 749 1402 intra
802 1359 1060 1417 peculiares
1103 1375 1304 1418 gemmas
1349 1363 1483 1404 initio

166 1418 468 1472 clauduntur,
491 1436 588 1479 quae
608 1435 730 1462 nunc
752 1427 931 1461 tantum
953 1417 1101 1471 flores,
1127 1436 1249 1461 nunc
1270 1418 1416 1472 flores,
1435 1429 1483 1463 et

167 1479 283 1521 folia
337 1489 530 1538 gerunt.
575 1480 768 1523 Gemmae
820 1479 1090 1537 simpliciter
1120 1477 1325 1521 floriferae
1376 1488 1484 1523 sunt

167 1542 411 1583 crassiores
467 1541 704 1590 omnium,
736 1547 874 1596 atque
923 1539 1248 1590 rotundiores,
1298 1555 1483 1597 gemmae

167 1603 322 1641 mixtae
353 1608 460 1642 sunt
489 1598 821 1657 magnitudinis
850 1599 1007 1641 mediae
1044 1601 1162 1641 inter
1212 1596 1437 1643 floriferas
1466 1632 1482 1652 ‚

166 1667 214 1699 et
244 1675 448 1710 rameas3
481 1660 682 1717 denique
714 1673 896 1717 gemmae
948 1656 1155 1701 floriferae
1198 1674 1438 1717 nunquam
1464 1692 1479 1713 ,

170 1733 330 1761 rameae
363 1734 475 1762 vero
495 1752 506 1771 ,
533 1720 640 1761 data
671 1721 907 1761 occasione
936 1751 949 1771 ‚
980 1719 1156 1762 radices
1187 1728 1359 1777 agunt.

228 1779 272 1834 ξ.
297 1779 398 1822 325.
423 1779 695 1830 Peouliaris,
713 1787 758 1821 et
774 1787 983 1821 constans
1012 1788 1080 1821 est
1100 1794 1383 1837 gemmarum
1407 1778 1485 1823 flo-

167 1839 413 1880 riferarum
438 1842 553 1882 situs
580 1842 628 1881 in
658 1855 935 1897 unaquaque
971 1841 1143 1898 specie3
1173 1839 1238 1881 hae
1268 1841 1483 1883 oriuntur

166 1899 215 1939 in
239 1899 399 1941 iisdem
424 1898 566 1942 ferme
596 1899 758 1958 plantae
774 1900 999 1957 partibus,
1024 1914 1076 1941 ac
1100 1915 1283 1958 gemmae
1304 1915 1481 1951 rameae3

168 1974 225 2000 ex
244 1974 337 2017 quo
354 1967 400 2001 et
416 1959 580 2011 caulis,
597 1968 642 2002 et
663 1975 835 2011 ramus,
857 1966 904 2001 et
925 1960 1055 2002 radix
1075 1975 1181 2002 suos
1197 1960 1372 2002 habent
1402 1958 1481 2002 flo-

167 2034 266 2068 res3
289 2021 442 2078 magni
468 2034 576 2062 vero
593 2022 810 2062 momenti
833 2021 881 2061 in
896 2019 1183 2078 agricultura
1204 2028 1292 2071 est,
1314 2017 1484 2062 florum

168 2094 370 2136 gemmas
400 2095 425 2121 a
450 2083 615 2123 rameis
647 2081 931 2138 distinguere
951 2112 962 2132 ,
995 2089 1048 2123 ut
1081 2082 1336 2139 putationis
1367 2095 1485 2138 opus

167 2147 272 2197 apte
297 2138 559 2197 perficiatur
587 2173 599 2183 .

227 2198 271 2254 ξ.
304 2200 404 2243 326.
438 2199 505 2241 Ea
532 2233 543 2251 ,
574 2215 672 2260 quae
703 2200 907 2243 diximus
936 2200 993 2243 de
1026 2203 1231 2260 squamis
1257 2215 1483 2259 gemmam

170 2274 369 2302 rameam
415 2260 784 2312 obducentibus,
822 2260 982 2304 valent
1031 2262 1088 2304 de
1122 2264 1324 2320 squamis
1354 2262 1481 2319 ge'm-

166 2334 247 2362 mae
280 2317 487 2365 floriferae
506 2352 518 2365 .
541 2320 737 2368 Germen
765 2321 889 2367 floris
909 2354 922 2374 ‚
958 2320 1064 2366 loco
1101 2323 1321 2382 germinis
1364 2322 1480 2365 rami
