1669 2563
1392 88 1468 128 153

248 216 387 259 grana
405 199 590 259 pollinis
612 193 835 252 simplicia
851 198 971 242 sunt,
987 199 1031 232 et
1054 192 1146 232 sine
1172 190 1386 240 ambesis,
1417 190 1534 232 effu-

251 266 316 304 sio
340 263 553 318 geniturae
574 269 806 310 nunquam
828 259 934 292 actu
978 250 1255 306 deprehensa
1280 282 1291 299 ‚
1313 251 1414 292 ideo
1446 266 1537 291 non

251 320 509 368 manifesta,
532 317 620 358 haec
645 314 795 354 locum
818 311 1006 359 obtinet,
1063 308 1336 365 genitalibus
1388 310 1536 350 adhuc

247 376 462 428 minimis,
488 374 815 428 involutisque,
836 368 1256 427 spermatocystidia
1272 370 1471 423 quaedam
1494 372 1539 410 in

248 434 584 495 conceptaculis
608 431 802 489 aplanta
818 429 1129 479 avulsis‚etin
1166 426 1380 485 paludem
1422 429 1543 469 dela-

247 499 462 541 bentibus
491 495 570 535 diu
594 490 835 550 generandi
864 496 1130 547 potestatem
1174 488 1401 535 retinent,
1425 496 1475 526 ut
1496 490 1541 527 in

246 558 469 605 Salvium,
495 561 540 594 et
555 555 809 610 genituram
831 548 1030 591 fundunt
1051 547 1124 589 vel
1156 549 1279 605 poris
1297 578 1307 596 ‚
1341 546 1413 587 vel
1438 562 1543 588 cum

246 612 624 673 conceptaculum
656 626 812 653 eorum
844 608 1136 658 dissolvitur,
1163 608 1359 648 accessio
1382 606 1546 661 hujus-

246 676 367 717 modi
411 674 624 732 'geniturae
666 670 722 711 ad
752 669 950 711 fcemiuas
980 670 1026 709 111
1052 667 1154 709 aliis
1203 665 1547 723 conceptaculis

247 734 454 778 occlusas
487 734 660 774 ratione
691 745 779 771 non
812 731 920 771 satis
954 735 1189 786 perspecta
1220 728 1400 777 evenit,
1434 725 1546 776 stili,

247 802 293 836 et
325 794 549 852 stigmatis
600 792 796 832 tenuitas
849 792 1005 847 ingens
1026 790 1072 828 in
1125 787 1354 837 omnibus,
1388 787 1550 844 stigma

248 869 484 911 nunquam
529 866 668 910 grana
699 849 886 908 pollinis
909 881 920 900 ,
953 848 1028 890 sed
1061 849 1317 905 genituram
1370 853 1550 887 tantum

246 916 499 972 excipiens.

310 974 355 1030 §.
389 974 489 1027 451.
522 971 645 1021 Scio,
678 977 890 1011 auctores
944 982 1037 1009 esse
1058 999 1068 1017 ‚
1122 969 1202 1024 qui
1249 966 1554 1023 generationis

251 1036 448 1091 speciem
473 1065 484 1082 ,
518 1032 572 1073 de
604 1046 696 1089 qua
740 1030 956 1087 agimus„
1012 1042 1101 1068 non
1154 1026 1380 1083 denegant
1409 1058 1420 1075 ,
1476 1024 1553 1066 sed

249 1094 352 1135 aliis
371 1125 382 1144 ‚
413 1108 551 1151 quam
582 1105 677 1148 quae
709 1105 734 1130 a
765 1089 896 1130 nobis
927 1087 1186 1129 indicantur
1205 1118 1216 1137 ‚
1250 1087 1429 1144 organis
1482 1083 1554 1126 of-

250 1153 404 1195 ficium
446 1167 638 1194 sexuum
670 1150 908 1191 tribuunt.
950 1147 1069 1189 Nam
1096 1179 1107 1198 ,
1153 1153 1310 1204 praeter
1342 1160 1393 1186 ea
1422 1177 1433 1195 ‚
1456 1159 1553 1201 quae

251 1212 496 1255 Michelius
522 1212 738 1268 deceptus
764 1208 951 1250 tradidit
982 1207 1036 1248 de
1068 1205 1275 1256 foeminis,
1301 1213 1346 1246 et
1378 1219 1554 1245 mascu-

255 1273 315 1315 lis
347 1275 394 1313 in
426 1272 602 1314 Muscis
634 1303 644 1321 ,
680 1268 910 1311 Dillenius
934 1301 944 1318 ,
976 1275 1021 1308 et
1053 1267 1261 1308 Linnaeus
1309 1272 1555 1321 concepta-

252 1333 413 1375 culum
445 1331 705 1373 foemineum
737 1328 996 1370 Muscorum
1022 1341 1104 1384 pro
1136 1339 1304 1383 organo
1336 1323 1555 1365 masculi-

250 1408 309 1434 no
348 1392 616 1433 habuerunt
638 1422 650 1441 ‚
679 1388 848 1431 Hillius
874 1421 884 1438 ,
919 1387 1239 1435 Kolreuterus‚
1271 1384 1550 1434 Gaertnerus‚

251 1451 521 1493 Palissotius
553 1456 793 1508 putarunt,
815 1448 900 1488 hoc
931 1447 1050 1488 idem
1082 1445 1340 1487 foemineum
1392 1457 1555 1485 conce-

250 1510 495 1570 ptaculum
547 1525 639 1551 esse
693 1506 1153 1563 hermaphroditum,
1190 1504 1308 1546 idest
1355 1512 1556 1560 utroque

251 1571 431 1629 pollens
463 1585 578 1612 sexu
603 1602 612 1611 .
646 1568 705 1610 At
735 1569 1004 1625 germinatio
1037 1579 1284 1623 granorum
1312 1595 1323 1614 ‚
1356 1577 1454 1620 quae
1505 1564 1554 1604 in

249 1631 517 1687 hujusmodi
548 1627 874 1685 conceptaculo
920 1629 1211 1668 continentur
1237 1657 1248 1675 ‚
1299 1623 1556 1664 doctrinam

249 1691 464 1742 DiIlenii,
496 1698 541 1732 et
576 1690 742 1731 Linnaei
776 1687 937 1729 falsam
966 1702 1059 1728 esse
1091 1686 1401 1727 demonstrant
1427 1715 1437 1723 .
1468 1682 1556 1724 Re-

252 1751 373 1809 liqui
405 1758 618 1793 auctores
651 1747 804 1790 nullas
836 1750 1030 1788 rationes
1061 1745 1335 1794 attulerunt,
1367 1743 1556 1800 quibus,

257 1815 396 1854 etiam
430 1808 735 1869 probabiliter
767 1810 1032 1852 sententiam
1064 1822 1193 1848 suam
1227 1811 1484 1854 tuerentur,
1509 1811 1556 1844 et

254 1872 540 1914 ostenderent
565 1904 576 1922 ,
608 1869 681 1911 vel
713 1868 970 1925 calyptiam
997 1900 1008 1918 ‚
1040 1866 1114 1909 vel
1148 1863 1418 1924 operculum
1437 1895 1449 1914 ,
1480 1861 1556 1904 vel

255 1933 408 1974 dentes
438 1929 756 1988 conceptaculi
780 1962 791 1979 ‚
823 1937 905 1969 aut
931 1943 1069 1986 grana
1093 1960 1104 1978 ,
1150 1941 1247 1984 quae
1301 1921 1557 1965 columellae

256 1993 436 2041 haerent,
469 1989 996 2048 spermatocystidiorum
1022 2002 1208 2028 munere
1234 1985 1363 2042 fungi
1389 2017 1399 2026 .
1427 1983 1557 2025 Tem-

258 2067 343 2109 pus
391 2059 581 2092 tererem
610 2084 620 2101 ‚
669 2053 702 2091 si
761 2050 834 2091 1116
886 2049 1035 2089 denuo
1086 2047 1200 2088 mihi
1244 2047 1558 2086 demonstran—

259 2112 370 2152 dum
395 2113 665 2168 susciperem
698 2144 707 2159 ‚
735 2110 859 2167 quod
882 2108 1138 2150 Ber-nardus
1157 2108 1366 2156 Jussiaeus
1382 2137 1393 2154 ,
1413 2102 1559 2145 Guet-

260 2171 446 2221 tardus,
479 2170 766 2213 Vaucherius
790 2203 801 2220 ,
834 2169 1092 2227 Hedwigius
1121 2201 1133 2219 ,
1173 2175 1217 2209 et
1249 2162 1557 2209 Schmidelius
