1669 2563
1293 136 1371 177 115

134 247 254 281 mate
289 239 581 298 glandulosm
616 255 694 297 per
726 237 851 296 quod
883 238 1175 292 trajiciuntur
1195 253 1317 290 vasa,
1337 255 1436 297 quae

135 315 162 340 a
197 299 354 357 planta
380 308 524 342 matre
555 299 611 340 ad
641 297 863 339 corollam
884 329 895 347 ,
929 298 1118 337 stamina
1142 330 1153 346 ,
1186 299 1437 354 pistillum-

135 375 229 415 que
260 359 537 402 deveniunt.
570 356 807 399 Glandulae
838 358 937 412 ejus
969 365 1249 398 secernentes
1291 367 1395 401 sunt
1421 392 1434 410 ‚

136 419 334 461 subinde
366 421 502 460 etiam
529 425 821 459 excernentes
849 448 859 458 .

191 479 236 533 ἓ.
265 478 364 520 358.
396 477 561 519 Forma
595 475 877 534 receptaculi
906 475 1104 517 maxime
1136 477 1261 516 varia
1288 493 1299 525 3
1332 477 1436 518 ideo

133 536 271 594 plura
293 539 493 586 nomina,
517 535 771 579 doctrinam
797 537 1057 586 obruentis,
1078 549 1169 576 non
1194 536 1438 592 explanan-

134 599 212 647 tia‚
244 595 390 638 eidem
418 596 618 647 tributa,
643 596 819 639 scilicet
843 598 974 645 disci,
991 595 1272 651 tlzecaplzori,
1296 611 1438 652 gyno-

124 655 279 713 phori,
298 655 552 713 podogyni,
575 656 792 715 basigyni,
815 656 1029 714 epipodii,
1045 656 1330 712 pleurogyni‚
1354 672 1438 712 po-

131 714 317 772 liphori‚
341 717 458 758 inter
491 731 588 774 quae
617 717 821 774 aliquam
850 716 968 759 forte
999 722 1199 756 meretur
1235 716 1438 757 animad-

132 776 384 817 versionem
415 777 740 833 gynophorum,
763 785 808 819 et
831 777 1123 835 podogynum
1143 808 1152 816 .
1184 774 1316 818 Prius
1370 784 1439 817 est

131 850 183 876 ea
213 850 317 892 pars
348 835 630 893 receptaculi
654 870 666 888 ,
698 852 794 895 quae
814 869 825 889 ,
857 836 1031 895 pistillo
1061 835 1298 877 decidente
1324 868 1334 885 ‚
1372 852 1437 877 re-

131 902 284 937 manet
313 896 362 937 in
392 894 537 938 fundo
567 894 720 947 floris;
754 897 1050 955 podogynum
1091 910 1200 937 vero
1250 904 1317 937 est
1349 894 1437 937 sul-

134 969 265 996 crum
298 955 465 1012 pistilli
494 956 607 998 adeo
639 964 763 999 arcte
794 956 968 1015 pistillo
993 955 1220 999 adhaerens
1244 988 1256 1005 ,
1288 964 1341 997 ut
1377 955 1437 996 il-

136 1013 222 1055 lud
254 1023 474 1072 sequatur
500 1048 512 1067 ‚
552 1031 657 1058 cum
711 1017 912 1059 decidit.
967 1015 1221 1073 Utriusque
1272 1024 1438 1057 natura

135 1076 320 1116 omnino
354 1074 532 1126 simili33
554 1079 777 1119 connexio
798 1075 847 1119 fit
878 1093 956 1135 per
981 1078 1127 1135 ipsam
1153 1091 1312 1117 eorum
1333 1077 1437 1117 sul)-

135 1136 348 1176 stantiam
377 1152 388 1185 3
420 1135 669 1191 disjunctio
705 1140 854 1179 evenit
899 1139 1035 1180 sicuti
1079 1138 1127 1177 in
1171 1136 1438 1192 pedunculo

135 1193 384 1236 articulato
403 1227 415 1246 ‚
443 1198 523 1253 qui
550 1204 699 1238 tamen
724 1205 769 1238 et
795 1212 950 1256 supra,
971 1203 1016 1238 et
1041 1195 1161 1238 infra
1185 1195 1438 1238 articulum

135 1253 430 1311 pedunculus
462 1265 685 1313 perpetuo
718 1265 784 1298 est
803 1287 812 1299 .

195 1313 240 1369 §.
274 1314 376 1372 359.
409 1315 470 1357 At
502 1315 654 1358 formae
685 1315 943 1358 essentiales
966 1347 977 1367 ,
1009 1315 1181 1374 quibus
1232 1322 1438 1372 recepta-

136 1374 300 1414 culum
330 1378 507 1425 variat,
539 1378 604 1417 ita
647 1393 691 1418 se
736 1377 937 1419 habent.
988 1376 1124 1417 Nunc
1174 1375 1293 1416 idem
1351 1378 1436 1418 sub

140 1435 297 1474 ovario
326 1437 508 1475 omnino
538 1436 826 1478 contrahitur
850 1469 861 1486 ,
894 1444 1097 1492 tuncque
1128 1438 1321 1476 stamina
1351 1438 1437 1478 suh

135 1491 311 1549 pistillo
343 1501 444 1535 orta
475 1493 744 1553 lzypogyna,
778 1497 1079 1553 ovariumque
1105 1495 1282 1535 liberum
1302 1528 1312 1545 ‚
1363 1495 1438 1537 vel

134 1566 341 1609 superum
370 1553 613 1598 dicuntur.
646 1555 781 1596 Nunc
814 1570 840 1596 a
870 1556 967 1597 basi
1000 1557 1141 1595 ovarii
1162 1555 1438 1611 expanditur

135 1627 275 1670 supra
304 1612 510 1669 calycem
531 1647 541 1665 ‚
574 1617 651 1656 cui
677 1615 902 1665 adhaeret3
936 1623 1045 1656 tunc
1078 1617 1269 1656 stamina
1315 1617 1440 1658 circa

134 1671 359 1715 foeminam
383 1706 396 1725 ,
427 1674 586 1731 aliquo
618 1678 763 1733 spatio
795 1676 1051 1730 interjecto,
1083 1683 1349 1725 nascuntur,
1394 1685 1440 1718 ct

130 1736 356 1790 perigyna
387 1734 583 1776 audiunt
609 1767 619 1777 .
665 1736 800 1777 Nunc
839 1737 1104 1793 perigenio‚
1151 1742 1197 1776 et
1246 1737 1400 1777 ovario
1425 1770 1436 1787 ‚

136 1795 457 1850 interpositum
484 1797 597 1853 tegit
628 1803 776 1837 totum
808 1798 1033 1846 ovarhnn,
1059 1795 1336 1851 extollitque
1368 1811 1439 1837 su-

137 1868 222 1910 pra
251 1852 374 1895 illud
407 1858 600 1897 stamina
625 1888 637 1906 ,
669 1871 767 1914 quae
799 1855 978 1914 duplici
1010 1864 1143 1913 pacto
1182 1854 1279 1896 fieri
1336 1871 1440 1913 pos-

139 1920 245 1954 sunt
273 1917 487 1971 epigyna.
514 1915 668 1957 Primo
702 1916 897 1958 habetur
930 1919 1164 1973 epigenhz,
1215 1931 1324 1957 cum
1366 1933 1440 1957 re-

138 1974 437 2030 ceptaculum
468 1976 574 2018 hinc
599 1991 705 2018 cum
738 1979 974 2035 perigonio
999 2009 1010 2028 ‚
1043 1977 1148 2017 inde
1178 1991 1285 2017 cum
1336 1991 1440 2018 ova-

141 2034 210 2073 rio
238 2033 453 2076 coalescit
474 2069 485 2087 ‚
518 2051 612 2094 quo
643 2039 689 2078 in
720 2052 828 2078 casu
861 2039 1068 2079 ovarium
1099 2036 1270 2078 dicitur
1295 2037 1440 2079 adlzae-

143 2107 239 2134 rens
266 2125 278 2142 ‚
301 2094 376 2136 vel
407 2096 621 2152 inferum3
655 2106 765 2139 tunc
798 2096 1169 2154 receptaculum,
1201 2112 1308 2139 cum
1339 2113 1440 2155 per-

144 2154 320 2195 venerit
348 2154 406 2195 ad
436 2158 611 2213 apicem
633 2160 777 2199 ovarii
803 2191 814 2208 ‚
848 2157 1069 2215 relinquit
1115 2159 1399 2214 perigonium
1425 2190 1435 2207 ,

142 2219 188 2252 et
223 2212 297 2254 vel
335 2213 465 2257 illico
505 2218 733 2259 incumbit
763 2220 918 2259 ovario
939 2252 949 2269 ‚
982 2221 1262 2275 staminaque
1301 2218 1437 2258 susti-

146 2280 256 2325 net,
279 2281 331 2316 ut
360 2278 584 2334 contingit
614 2281 661 2320 in
691 2278 982 2336 Umbelliferc's
1007 2314 1018 2331 ‚
1050 2278 1123 2321 vel
1155 2279 1358 2320 excurrit
1388 2279 1434 2318 in
