1669 2563
250 178 309 235 96

191 297 308 339 opus
332 282 391 324 sit
420 281 654 338 temperiei
686 296 741 323 ex
770 282 1064 339 respiratione
1095 281 1238 339 magis
1276 280 1403 325 elatae
1433 281 1491 326 ad

192 344 318 383 idem
351 341 674 399 phaenomenon
722 342 1083 400 explicandum,
1130 343 1356 402 praecipue
1386 357 1493 384 cum

195 402 360 459 plantae
391 402 540 443 hieme
589 404 667 443 vix
718 406 956 460 respirent,
988 412 1035 447 et
1085 402 1305 455 calorem,
1355 417 1495 461 quem

195 462 448 520 possident,
480 477 506 504 a
537 461 704 503 tellure
735 462 950 506 hauriant
973 496 983 506 .

611 581 785 626 Saccus
815 585 1032 642 proprius
1059 616 1068 626 .

248 700 296 758 ᾖ.
326 702 433 745 303.
461 699 639 745 succus
663 701 928 760 plantarum
963 703 1277 761 respirationis
1313 716 1401 760 ope
1435 702 1498 745 ab

194 764 319 804 omni
365 764 635 820 impuritate
685 763 926 805 defaecatus
977 765 1099 806 redit
1150 766 1199 806 in
1249 761 1456 821 plantam
1483 793 1497 812 ,

195 837 334 879 quam
364 825 548 873 nutrit,
579 830 625 864 et
649 822 862 866 vivificat.
893 823 969 865 Fit
997 837 1156 866 succus
1179 825 1413 880 proprius,
1444 821 1502 862 de

191 897 286 939 quo
328 881 506 939 pluries
528 885 847 933 meminimu33
879 886 961 940 qui
991 898 1100 925 cum
1129 898 1187 925 ex
1207 883 1369 925 iisdem
1392 883 1501 939 qui-

195 942 299 983 dem
329 940 581 992 elementis,
612 949 661 983 at
692 941 872 984 diverso
893 942 1030 983 modo
1059 945 1108 983 in
1131 945 1293 999 quavis
1319 942 1502 1000 planta-

196 1016 301 1043 rum
331 1002 480 1059 speeie
508 1002 780 1042 consociatis
800 1033 812 1051 ‚
846 1002 1060 1058 gignatur
1079 1033 1090 1051 ,
1114 1010 1367 1044 statuemus
1391 1016 1501 1043 cum

197 1060 454 1118 Malpighio
476 1091 489 1111 ,
520 1060 832 1117 quodcunque
863 1061 1157 1103 individuum
1188 1070 1403 1120 vegetans
1422 1077 1504 1120 pe·-

197 1121 423 1162 culiarem
455 1121 542 1161 sibi
573 1135 735 1178 parare
760 1134 948 1162 succum
972 1153 983 1163 .

253 1180 298 1236 ς.
325 1182 427 1234 304.
458 1179 586 1221 Notae
613 1180 824 1238 physicae,
850 1180 1022 1238 quibus
1051 1193 1240 1222 succum
1263 1180 1505 1238 proprium

193 1243 480 1281 extrinsecus
510 1239 835 1297 dignoscimus,
885 1247 993 1281 sunt
1025 1240 1171 1290 color,
1195 1240 1325 1291 odor,
1349 1254 1501 1297 sapor,

196 1300 411 1350 densitas,
431 1307 479 1341 et
506 1302 627 1342 vires
656 1302 756 1358 ejus
776 1299 1048 1358 peculiares,
1065 1302 1129 1342 ita
1158 1308 1212 1342 ut
1234 1302 1352 1342 vires
1377 1298 1506 1357 plan-

197 1367 351 1402 tarum
380 1374 439 1401 ex
470 1359 557 1402 hoc
579 1363 679 1418 ipso
731 1375 869 1403 succo
920 1369 1294 1419 argumentemur
1344 1367 1507 1401 contra

198 1419 479 1471 Hamelium,
510 1424 591 1478 qui
624 1424 671 1463 in
701 1424 980 1464 contrariam
1027 1424 1176 1464 iverat
1203 1422 1473 1464 sententiam
1491 1452 1504 1471 ,

194 1496 249 1523 eo
275 1481 402 1538 quod
431 1483 608 1538 gummi
641 1514 654 1532 ,
686 1481 813 1540 quod
844 1483 904 1524 ab
928 1481 1184 1538 Amygdalo
1209 1483 1392 1538 persica
1421 1496 1505 1521 ex·-

197 1540 410 1598 pellitur‚
443 1555 527 1598 pro
559 1556 696 1583 succo
728 1543 830 1597 ejus
863 1545 1050 1598 proprio
1083 1556 1321 1599 perperam
1352 1540 1505 1582 habu-

197 1603 288 1642 erit
339 1599 443 1641 loeo
493 1601 755 1643 substantiae
803 1599 951 1652 illius,
983 1616 1076 1658 qua
1125 1600 1309 1658 reliquae
1353 1608 1506 1657 partes

195 1674 402 1702 amatore
433 1658 784 1717 distinguuntur
808 1692 819 1712 ‚
854 1659 1077 1719 floresque
1108 1669 1333 1719 purgant.
1365 1661 1504 1702 Forte

194 1723 332 1763 etiam
361 1733 452 1762 non
473 1733 595 1762 unus
626 1736 792 1764 succus
814 1724 1047 1779 proprius,
1079 1724 1163 1779 qui
1203 1737 1295 1763 una
1326 1721 1504 1762 eadem-

194 1797 285 1838 que
315 1787 484 1823 natura
512 1789 691 1838 praestet
713 1814 724 1832 ,
771 1783 978 1839 gignitur
1010 1783 1058 1823 in
1090 1791 1186 1823 tota
1217 1781 1391 1839 planta,
1424 1795 1502 1822 eo-

193 1843 296 1884 dem
320 1840 462 1883 ferme
487 1848 640 1898 pacto,
662 1856 756 1900 quo
782 1844 1057 1886 secretiones
1083 1841 1305 1884 differunt
1336 1843 1384 1883 in
1409 1843 1504 1882 ani-

194 1902 389 1944 malium
420 1903 602 1958 organis
620 1933 632 1944 .

253 1962 298 2018 §.
326 1961 429 2005 305.
460 1961 522 2002 At
550 1961 767 2017 chymicae
812 1963 1116 2020 proprietates
1163 1963 1319 2003 insunt
1358 1961 1507 2003 succis

194 2024 409 2081 propriis,
434 2022 605 2079 quibus
619 2021 821 2078 chymici
841 2037 917 2064 eos
939 2023 1308 2080 dispeseuerunt,
1336 2021 1503 2062 Thom-

194 2086 323 2125 501110
354 2082 489 2132 duce,
526 2084 574 2125 in
604 2081 805 2133 lacteos,
838 2098 1116 2139 gummosos‚
1146 2081 1501 2130 terebintlfinos,

193 2145 433 2192 1051110505,
467 2141 737 2192 balsameos‚
767 2144 994 2200 stiptieos‚
1028 2142 1333 2193 sacellarinos,
1356 2149 1403 2182 et
1433 2156 1501 2182 sa-

195 2202 305 2245 litos
324 2234 336 2246 .
371 2202 536 2259 Neque
569 2210 721 2244 tamen
752 2202 815 2244 hae
847 2210 954 2245 sunt
977 2203 1293 2245 distinctiones
1328 2216 1503 2250 omnes,

195 2265 243 2304 in
274 2277 390 2321 quas
420 2263 634 2305 dirimere
666 2274 742 2304 005
768 2278 1030 2320 possumus,
1059 2278 1168 2304 eum
1220 2277 1344 2306 novae
1402 2276 1506 2318 pro-

198 2322 418 2381 prietates
463 2323 676 2382 quotidie
707 2324 755 2365 in
786 2322 882 2367 illis
929 2325 1201 2384 detegantur
1223 2358 1234 2378 ,
1267 2337 1365 2384 quae
1413 2322 1501 2363 arti
