1669 2563
1311 94 1389 137 197

218 193 498 250 Longissima
524 223 536 242 ,
565 189 811 230 brevissima
831 217 847 238 9
877 185 1117 245 lzypogyna
1149 187 1241 227 sive
1274 183 1417 241 infera
1443 216 1455 235 ‚

159 258 353 311 epigyna
385 256 477 294 sive
512 263 674 306 supera
703 280 713 297 ‚
736 249 959 302 perigyna
991 276 1000 285 .

222 311 507 368 Nectarifera
527 343 538 365 ‚
571 323 677 349 cum
707 309 929 347 instructa
960 305 1174 346 nectariis
1203 304 1352 353 veris,
1384 310 1466 344 aut

160 374 493 433 appendicibus
518 402 529 420 ,
566 383 663 424 quae
696 366 800 407 loco
826 365 1019 406 nectarii
1052 363 1279 404 habentur
1303 394 1314 403 .

218 434 466 475 Persistens
497 428 553 470 ad
586 429 899 468 maturitatem
933 423 1112 465 fructus
1145 454 1155 464 .

219 493 403 535 Caduca
434 490 491 531 ad
524 486 879 544 explicationem
905 483 1044 526 floris.

220 552 454 602 Deciana,
488 563 593 590 cum
627 545 750 588 floris
790 559 896 586 casu
917 576 926 585 .

219 610 507 652 Marcescens
527 641 538 659 ‚
574 623 671 664 quae
703 606 989 646 contabescit
1009 635 1020 653 ,
1054 616 1147 643 non
1178 599 1379 642 decidit.

160 669 315 712 Petala
347 669 693 711 characteribus
725 664 1016 723 generalibus
1070 666 1135 704 ita
1186 660 1467 703 definiuntur

159 733 206 770 in
240 729 416 771 corolla
449 726 717 786 polypetala
745 759 754 767 .

219 792 257 830 A
289 804 478 831 numero
504 822 515 840 ‚
566 788 684 829 unde
739 783 915 827 corolla
968 783 1170 840 dipetala
1206 814 1217 833 ,
1280 782 1471 837 tripeta-

163 851 209 892 la
240 851 320 892 ὣς.

222 909 509 951 Alternantia
546 923 652 949 cum
694 904 867 948 foliolis
890 937 900 955 ‚
934 912 1015 945 aut
1059 903 1299 961 segmentis
1343 898 1473 954 caly-

165 971 280 1011 cinis
304 1003 315 1021 ,
347 970 420 1011 vel
460 967 619 1010 iisdem
652 969 863 1023 opposita
884 997 894 1007 .

232 1030 681 1085 Ungaicnlata‚cum
708 1040 868 1067 eorum
899 1025 1067 1082 unguis
1088 1022 1252 1080 longus
1276 1039 1287 1073 ;
1313 1027 1474 1062 contra

165 1091 338 1133 sessilia
359 1123 370 1142 ,
402 1105 507 1131 cum
538 1089 867 1130 brevissimus.

224 1150 387 1191 Erecta
406 1183 416 1200 ,
442 1151 652 1206 patentia
676 1180 686 1199 ,
720 1147 882 1204 reflexa
905 1160 930 1186 a
958 1143 1209 1185 directione
1241 1139 1385 1183 relate
1417 1139 1475 1180 ad

167 1226 299 1252 axem
332 1207 454 1252 floris
474 1242 483 1251 .

227 1270 407 1325 Inflexa
428 1303 440 1320 ‚
476 1268 677 1309 involuta
709 1267 836 1323 apice
869 1261 1216 1321 receptaculum
1247 1274 1409 1303 versus
1435 1291 1446 1301 .

228 1330 535 1370 Incumbentia
566 1360 576 1378 ,
629 1329 909 1369 conniventia
958 1327 1154 1365 invicem
1215 1321 1441 1363 lateribus
1469 1352 1480 1370 ‚

170 1398 252 1432 aut
282 1390 491 1446 apicibus
524 1391 618 1430 suis
646 1420 655 1429 .

237 1450 536 1492 Unilateralia
556 1481 566 1498 ,
601 1462 705 1488 cum
737 1446 794 1487 ad
826 1445 947 1486 idem
980 1443 1101 1484 latus
1133 1455 1351 1483 conversa
1374 1473 1384 1482 .

231 1509 519 1550 Subrotnnda
540 1541 551 1558 ,
582 1516 715 1549 ovata
742 1540 753 1557 ‚
788 1506 1010 1562 elliptica,
1036 1503 1312 1553 lanceolata,
1338 1500 1484 1541 linea-

172 1572 238 1611 ria
261 1602 271 1620 ,
305 1570 488 1610 cordata
509 1601 518 1619 ‚
552 1567 821 1624 spatlznlata
842 1599 852 1615 ,
880 1565 1028 1622 plana
1047 1597 1058 1615 ‚
1093 1577 1288 1605 concava
1317 1593 1328 1611 ‚
1363 1559 1487 1603 obtu-

171 1645 224 1673 sa
256 1663 266 1677 ‚
296 1638 431 1670 acuta
459 1661 470 1680 ,
505 1630 762 1670 acuminata
785 1658 794 1668 .

231 1689 437 1731 Obovata
466 1722 476 1739 ‚
507 1703 611 1730 cum
645 1687 811 1729 latiora
842 1686 970 1743 apice
992 1717 1002 1735 ‚
1038 1698 1177 1741 quam
1211 1682 1309 1724 basi
1334 1713 1344 1723 .

233 1749 491 1791 Obcordata
515 1782 525 1799 ‚
559 1748 705 1789 forma
752 1746 904 1789 cordis
959 1749 1138 1787 inversa
1162 1775 1173 1795 ‚
1217 1743 1329 1800 quia
1370 1755 1486 1798 apex

174 1810 322 1853 cordis
349 1817 436 1851 stat
468 1812 517 1850 in
548 1809 645 1850 basi
678 1807 819 1865 petali
851 1840 860 1849 .

235 1870 438 1911 Caneata
462 1903 473 1921 ,
505 1884 704 1911 cuneum
737 1869 835 1910 basi
866 1872 1108 1924 angustata
1135 1860 1386 1905 referentia
1411 1893 1421 1902 .

238 1929 480 1972 Fornicata
511 1963 521 1980 ‚
551 1929 784 1970 cucullata
812 1961 822 1979 ,
870 1929 1101 1969 calcarata
1130 1958 1140 1974 ,
1169 1923 1451 1964 corniculata
1473 1953 1483 1971 ‚

179 2005 274 2046 quae
310 1999 413 2031 sunt
436 2005 638 2031 convexa
671 1989 886 2038 fornicis,
911 1987 984 2029 vel
1015 1983 1195 2028 cuculli
1218 1983 1371 2032 modo,
1405 1989 1490 2022 aut

182 2059 346 2107 gerunt
377 2050 673 2107 appendicem
706 2049 900 2091 calcaris
924 2081 935 2099 ‚
964 2047 1039 2089 vel
1070 2059 1214 2088 cornu
1248 2045 1390 2084 instar
1415 2074 1425 2082 .

241 2109 551 2166 Glandnllfera
582 2126 607 2151 a
655 2108 888 2168 glandulis
938 2105 1226 2151 nectariferis
1258 2137 1270 2155 ,
1313 2102 1485 2161 quihus

176 2173 402 2211 ,instructa
426 2203 435 2212 .

244 2230 537 2287 Enzarginata
569 2246 594 2271 a
623 2246 757 2272 crena
791 2231 837 2272 in
870 2232 999 2287 apice
1020 2261 1028 2270 .
