1669 2563
240 165 327 223 274

238 270 531 325 Assztrgentia
556 301 567 320 ,
597 281 703 309 cum
729 300 739 318 ,
770 267 866 309 basi
898 280 1009 307 areu
1040 263 1161 307 facto
1186 297 1196 314 ‚
1230 265 1310 321 qui
1359 278 1472 306 con-

180 333 376 372 vexitate
402 344 483 371 sua
514 338 679 371 terram
706 329 920 384 respicit,
953 327 1084 383 apice
1115 326 1357 381 eriguntur
1383 355 1393 364 .

239 390 419 446 Infleaga
443 423 453 440 ‚
491 403 671 431 sursum
727 395 916 430 arcuata
940 419 951 437 ‚
1007 394 1052 427 et
1107 386 1235 443 apice
1288 385 1479 424 incurva

180 449 362 492 caulem
394 463 572 492 versus.

243 510 482 566 Reclz'nata
505 543 515 561 ,
547 510 760 551 deorsum
789 503 906 547 flexa
924 538 934 556 ‚
969 512 1122 550 tamen
1167 509 1357 544 arcuata
1384 533 1395 551 ,
1429 508 1482 541 ut

184 585 319 611 arcus
364 571 422 611 sit
469 569 657 613 inferior
710 567 814 609 loco
860 566 1118 607 insertionis
1143 597 1154 614 ‚
1206 577 1326 620 apex
1372 574 1481 603 vero

182 629 396 672 ascendat
422 662 432 671 .

242 690 530 739 Rea-arvam,
576 687 789 729 deorsum
828 683 974 735 flexa,
1021 698 1162 726 curva
1187 716 1197 733 ,
1231 690 1285 733 ut
1322 692 1482 722 conve-

189 752 309 791 xitas
341 763 474 790 arcus
505 749 743 805 superiora
775 753 948 803 spectet
972 777 980 786 .

246 810 469 851 Revolata
495 840 505 858 ‚
541 814 781 848 recurvata
812 808 859 846 in
886 806 1054 861 spiram
1078 836 1089 853 ,
1115 801 1189 844 vel
1214 802 1387 842 cirrum
1413 831 1422 841 .

244 869 584 924 Dependentia,
616 874 785 907 terram
818 879 978 906 versus
1009 863 1066 905 ad
1099 858 1483 920 perpendiculum

190 927 356 971 reflexa
380 960 390 969 .

245 986 569 1029 Horizontalia
588 1017 599 1035 ‚
631 997 729 1041 quae
761 983 1008 1024 obvertunt
1028 979 1139 1022 coelo
1166 981 1377 1037 paginam
1409 994 1483 1021 su-

188 1061 413 1105 ΡΘΥΙΟΥΘΙΪΙ
432 1078 443 1088 ·

247 1106 447 1164 Obliqzca
474 1138 485 1156 ‚
517 1118 615 1162 quae
644 1104 745 1145 basi
795 1098 1100 1144 horizontalia
1124 1131 1136 1151 ‚
1169 1097 1295 1139 disco
1345 1099 1488 1139 verti-

193 1167 313 1208 calia
340 1198 350 1208 .

258 1226 303 1270 V
300 1227 525 1276 amicalia,
554 1224 738 1266 adversa
758 1255 768 1274 ‚
792 1236 889 1279 quae
919 1219 1090 1262 habent
1121 1220 1309 1276 paginas
1349 1217 1490 1258 omni-

189 1302 247 1329 no
269 1286 483 1328 laterales
500 1318 512 1337 ,
533 1285 652 1326 idest
682 1285 895 1342 paginam
920 1281 1203 1339 superiorem
1223 1285 1410 1320 vertunt
1433 1277 1490 1318 ad

190 1347 427 1390 meridiem
451 1378 462 1388 .

253 1407 538 1464 Resupinata
560 1438 572 1456 ‚
604 1418 702 1462 quae
733 1405 900 1461 pagina
936 1399 1153 1443 inferiore
1185 1398 1243 1440 ad
1287 1396 1447 1440 caelum
1474 1429 1486 1447 ‚

193 1469 360 1527 pagina
387 1467 622 1524 superiore
654 1464 711 1506 ad
743 1473 911 1505 terram
943 1475 1190 1503 conversa.

254 1528 491 1569 submersa
518 1528 641 1567 intra
673 1522 958 1582 superficiem
989 1536 1115 1580 aquae
1140 1553 1151 1562 .

253 1587 489 1632 Natantia
518 1589 566 1627 in
599 1583 838 1643 superficie
868 1597 993 1641 aquae
1018 1614 1029 1623 .

255 1649 531 1690 Radicantia
553 1679 565 1696 ‚
597 1646 772 1688 radices
803 1645 984 1702 agentia
1004 1675 1013 1683 .

256 1709 489 1751 Petiolata
512 1740 523 1758 ‚
556 1721 654 1764 quae
688 1705 861 1764 petiolo
892 1700 1084 1746 suffulta
1110 1733 1120 1743 .
1148 1697 1357 1742 Petiolus
1393 1711 1498 1754 pas-

201 1771 285 1812 sim
317 1771 534 1810 inseritur
565 1768 664 1809 basi
689 1765 791 1808 folii
818 1797 829 1807 .

258 1829 447 1870 Peltata
469 1862 480 1879 ‚
515 1842 622 1868 cum
644 1824 845 1884 petiolus
869 1823 995 1866 disco
1020 1820 1122 1863 folii
1152 1821 1350 1860 insertus
1368 1849 1377 1859 .

258 1887 443 1930 Sessilz'a
469 1921 480 1939 ,
528 1886 789 1929 immediate
841 1882 969 1925 cauli
1017 1880 1262 1923 insidentia
1311 1876 1498 1920 defectu

199 1948 363 2007 petioli
391 1980 401 1990 .

260 2008 375 2050 Basi
403 2008 553 2050 soluta
570 2039 581 2058 ,
615 2004 788 2048 sessilia
805 2036 817 2055 ,
849 2011 895 2045 et
925 2002 1031 2044 hinc
1059 2002 1158 2044 basi
1179 1998 1405 2059 producta
1429 1997 1501 2037 in-

201 2069 272 2111 fra
302 2069 596 2110 insertionem
621 2099 630 2108 .

262 2128 533 2172 coadunata
555 2160 565 2178 ‚
599 2124 737 2184 plura
767 2130 962 2166 connata
995 2125 1113 2165 inter
1146 2135 1192 2162 se
1216 2151 1226 2162 .

265 2189 564 2231 Decurrerztia
588 2219 599 2238 ,
634 2201 740 2227 curn
770 2200 797 2227 a
835 2185 936 2226 basi
989 2197 1072 2226 sua
1114 2185 1369 2223 excurrunt
1425 2192 1504 2235 per

205 2249 386 2291 caulem
436 2247 512 2290 ala
565 2245 760 2289 foliaeea
807 2258 953 2303 usque
1003 2243 1062 2286 ad
1116 2242 1384 2301 proximum
1438 2237 1509 2279 fo-

208 2309 323 2351 lium
349 2342 359 2351 .
