1669 2563
1325 126 1402 182 159

536 227 612 268 IX.
661 224 946 266 Enneandria
977 228 1246 269 staminibus
1276 235 1437 270 novom
1458 262 1466 271 .

551 286 605 326 X.
664 285 925 324 Decandria
963 287 1233 328 staminibus
1265 289 1448 329 decem.

536 344 614 385 XI.
653 344 972 384 Dodecatzdria
995 346 1266 387 staminibus
1304 347 1473 388 duode-

709 405 796 444 cim
828 403 885 444 ad
916 403 1227 445 novemdecim
1247 437 1255 446 .

520 462 622 504 XII.
656 462 921 503 Icosanclrc'a
964 465 1234 505 staminibus
1274 466 1433 520 viginti
1459 498 1469 515 ‚

692 530 737 564 ct
777 522 900 563 ultra
924 555 934 573 ‚
968 537 991 563 e
1024 522 1181 578 calyce
1216 525 1326 564 ortis
1351 556 1361 573 ,
1410 541 1474 564 rc-

693 581 933 638 ceptaculo
971 582 1161 624 dilatato
1191 583 1471 624 intermedio.

502 640 631 682 XIII.
665 641 946 698 Polyandria
981 644 1257 684 staminibus
1290 645 1471 700 viginti,

705 710 750 742 et
782 701 922 751 ultra,
956 705 1068 744 ortis
1092 718 1115 744 e
1148 702 1438 760 receptaculo
1459 735 1469 751 ‚

707 762 831 818 quod
855 762 940 803 sub
958 760 1148 803 foeminis
1167 762 1471 803 contrahitur.

168 820 291 862 Alias
324 835 430 862 vcro
453 818 582 861 ssoros
602 821 884 877 monoclynii
919 822 1091 878 clzjfitzes
1124 822 1293 864 habent
1319 824 1474 863 staini-

167 897 221 922 na
243 881 334 921 duo
370 880 558 937 reliquis
611 882 836 932 breviora,
871 897 967 939 quae
1000 898 1070 924 res
1124 883 1424 924 subordinatio
1447 897 1473 923 a

171 941 348 982 Linnaeo
374 949 532 982 vocata
552 973 561 982 .
589 941 698 981 Duae
722 957 776 982 ex
800 942 882 983 hac
907 940 1255 999 proficiscuntur
1280 941 1444 983 classes
1461 975 1471 992 ,

286 1001 464 1042 CLASSIS
505 1001 630 1043 XIV.
662 1001 940 1056 Didynamc'cz
960 1003 1467 1059 staminibusquatuor,

708 1076 904 1118 quorum
939 1062 1030 1102 duo
1061 1062 1118 1102 ad
1150 1062 1269 1103 idem
1301 1061 1472 1119 fastigi-

711 1136 791 1162 um
816 1121 1041 1179 longiora,
1074 1129 1121 1163 et
1144 1121 1238 1163 duo
1271 1124 1370 1179 pari
1397 1137 1472 1180 pa-

709 1188 783 1222 cto
815 1182 1029 1223 breviora
1052 1213 1062 1223 .

513 1238 614 1281 XV.
658 1241 1001 1298 Tetradynamia
1053 1241 1323 1282 staminibus
1355 1256 1431 1282 sex
1458 1274 1469 1291 ,

707 1315 906 1357 quorum
930 1308 1133 1358 quatuor
1163 1300 1221 1341 ad
1252 1301 1372 1342 idem
1408 1300 1471 1342 fa-

707 1363 895 1418 stigium
918 1359 1143 1417 longiora,
1168 1359 1348 1417 reliqua
1373 1361 1466 1403 duo

707 1423 804 1476 pari
839 1429 974 1478 pacto
1007 1421 1221 1462 breviora
1248 1452 1257 1461 .

164 1479 318 1521 Flores
364 1477 645 1533 monoclynii
676 1478 828 1521 affines
881 1478 1053 1536 triplici
1085 1480 1219 1520 modo
1244 1478 1469 1521 cohaerent

164 1543 278 1580 inter
301 1554 358 1580 se:
387 1537 444 1580 1.⁰
474 1537 727 1582 filamentis:
754 1537 816 1581 2.⁰
831 1539 1045 1581 antheris:
1069 1536 1134 1581 3.⁰
1151 1539 1351 1581 antheris
1372 1542 1469 1597 epi-

165 1602 297 1657 gynis
319 1631 328 1640 .
364 1598 493 1640 Unde

289 1659 468 1702 CLAssis
500 1658 625 1701 XVI.
655 1658 985 1716 Monadelphia
1053 1659 1296 1700 staminum
1369 1655 1470 1699 fila-

699 1721 862 1761 mentis
892 1722 938 1760 in
969 1733 1113 1760 unum
1136 1732 1303 1776 corpus
1333 1717 1468 1759 infer-

701 1794 756 1820 ne
789 1778 970 1821 coalitis
990 1811 1000 1821 .

491 1838 639 1881 XVII.
666 1838 947 1896 Diadelplzia
984 1840 1227 1881 staminum
1270 1835 1467 1879 filamon-

707 1901 763 1940 tis
811 1903 857 1940 in
904 1900 995 1941 duo
1047 1913 1241 1956 corpora
1293 1897 1465 1940 inferno

710 1959 888 2001 coalitis
910 1992 919 2002 .

488 2017 660 2061 XVIII.
687 2019 1010 2077 Polyadelplzia
1054 2020 1298 2060 staminum
1362 2017 1463 2059 fila-

706 2082 868 2122 mentis
899 2083 946 2120 in
972 2080 1075 2129 tria,
1099 2079 1173 2121 vel
1195 2078 1330 2136 plura
1360 2093 1464 2120 cor-

707 2155 819 2197 pora
848 2139 1022 2181 inferne
1053 2138 1232 2180 coalitis
1255 2171 1265 2180 .

503 2196 625 2241 XIX.
670 2197 941 2256 Syngenesia
964 2199 1162 2241 antheris
1216 2201 1262 2239 in
1312 2197 1461 2253 cylin-

705 2260 838 2300 drum
868 2259 1047 2300 coalitis
1067 2291 1078 2308 ‚
1100 2258 1339 2301 filamentis
1361 2257 1460 2315 ple-

709 2333 901 2376 rumque
933 2318 1109 2362 liberis.
