<?xml version="1.0" encoding="UTF-8"?>
<!DOCTYPE html PUBLIC "-//W3C//DTD XHTML 1.0 Transitional//EN"
    "http://www.w3.org/TR/xhtml1/DTD/xhtml1-transitional.dtd">
<html xmlns="http://www.w3.org/1999/xhtml" xml:lang="en" lang="en">
 <head>
  <title>
</title>
<meta http-equiv="Content-Type" content="text/html;charset=utf-8" />
  <meta name='ocr-system' content='tesseract 3.04.00' />
  <meta name='ocr-capabilities' content='ocr_page ocr_carea ocr_par ocr_line ocrx_word'/>
</head>
<body>
  <div class='ocr_page' id='page_1' title='image "antoniibertoloni00bert_0254.png"; bbox 0 0 1669 2563; ppageno 0'>
   <div class='ocr_carea' id='block_1_1' title="bbox 307 103 392 154">
    <p class='ocr_par' dir='ltr' id='par_1_1' title="bbox 307 103 392 154">
     <span class='ocr_line' id='line_1_1' title="bbox 307 103 392 154; baseline 0.012 -13"><span class='ocrx_word' id='word_1_1' title='bbox 307 103 392 154; x_wconf 70' lang='lat'>242</span> 
     </span>
    </p>
   </div>
   <div class='ocr_carea' id='block_1_2' title="bbox 247 202 1550 1037">
    <p class='ocr_par' dir='ltr' id='par_1_2' title="bbox 247 202 1541 381">
     <span class='ocr_line' id='line_1_2' title="bbox 248 202 1541 263; baseline 0 -17"><span class='ocrx_word' id='word_1_2' title='bbox 248 204 472 261; x_wconf 83' lang='lat' dir='ltr'>peltatum</span> <span class='ocrx_word' id='word_1_3' title='bbox 497 236 509 256; x_wconf 84' lang='lat'><strong>,</strong></span> <span class='ocrx_word' id='word_1_4' title='bbox 543 205 706 248; x_wconf 84' lang='lat' dir='ltr'><strong>subtus</strong></span> <span class='ocrx_word' id='word_1_5' title='bbox 735 202 1020 263; x_wconf 80' lang='lat' dir='ltr'>florigerum,</span> <span class='ocrx_word' id='word_1_6' title='bbox 1043 202 1235 247; x_wconf 80' lang='lat' dir='ltr'>floribus</span> <span class='ocrx_word' id='word_1_7' title='bbox 1267 204 1339 247; x_wconf 89' lang='lat' dir='ltr'>vel</span> <span class='ocrx_word' id='word_1_8' title='bbox 1363 219 1541 247; x_wconf 85' lang='lat' dir='ltr'>mascu-</span> 
     </span>
     <span class='ocr_line' id='line_1_3' title="bbox 247 263 1539 321; baseline 0.002 -16"><span class='ocrx_word' id='word_1_9' title='bbox 247 264 305 306; x_wconf 81' lang='lat' dir='ltr'>lis</span> <span class='ocrx_word' id='word_1_10' title='bbox 324 296 333 314; x_wconf 89' lang='lat'>‚</span> <span class='ocrx_word' id='word_1_11' title='bbox 358 263 431 305; x_wconf 89' lang='lat' dir='ltr'>vel</span> <span class='ocrx_word' id='word_1_12' title='bbox 462 263 682 308; x_wconf 79' lang='lat' dir='ltr'>foemineis</span> <span class='ocrx_word' id='word_1_13' title='bbox 699 297 710 316; x_wconf 87' lang='lat'><strong>,</strong></span> <span class='ocrx_word' id='word_1_14' title='bbox 743 264 815 307; x_wconf 89' lang='lat' dir='ltr'>vel</span> <span class='ocrx_word' id='word_1_15' title='bbox 837 265 1244 321; x_wconf 80' lang='lat' dir='ltr'>hermaphroditis,</span> <span class='ocrx_word' id='word_1_16' title='bbox 1281 265 1539 315; x_wconf 80' lang='lat' dir='ltr'>sessilihus,</span> 
     </span>
     <span class='ocr_line' id='line_1_4' title="bbox 248 323 1094 381; baseline -0.002 -15"><span class='ocrx_word' id='word_1_17' title='bbox 248 334 334 366; x_wconf 84' lang='lat' dir='ltr'>aut</span> <span class='ocrx_word' id='word_1_18' title='bbox 368 323 653 381; x_wconf 84' lang='lat' dir='ltr'>pedicellatis</span> <span class='ocrx_word' id='word_1_19' title='bbox 679 357 689 366; x_wconf 90' lang='lat'><em>.</em></span> <span class='ocrx_word' id='word_1_20' title='bbox 720 324 892 367; x_wconf 82' lang='lat' dir='ltr'>Clavus</span> <span class='ocrx_word' id='word_1_21' title='bbox 923 325 1094 366; x_wconf 87' lang='lat' dir='ltr'>dicitur</span> 
     </span>
    </p>

    <p class='ocr_par' dir='ltr' id='par_1_3' title="bbox 250 383 1540 502">
     <span class='ocr_line' id='line_1_5' title="bbox 306 383 1540 442; baseline 0 -18"><span class='ocrx_word' id='word_1_22' title='bbox 306 383 481 427; x_wconf 83' lang='lat' dir='ltr'><em>Planus</em></span> <span class='ocrx_word' id='word_1_23' title='bbox 499 417 510 436; x_wconf 92' lang='lat'><strong><em>,</em></strong></span> <span class='ocrx_word' id='word_1_24' title='bbox 543 384 828 437; x_wconf 78' lang='lat' dir='ltr'>orbicularis,</span> <span class='ocrx_word' id='word_1_25' title='bbox 858 399 1080 426; x_wconf 78' lang='lat' dir='ltr'>convexas</span> <span class='ocrx_word' id='word_1_26' title='bbox 1097 415 1113 437; x_wconf 85' lang='lat'><em>,</em></span> <span class='ocrx_word' id='word_1_27' title='bbox 1158 384 1510 442; x_wconf 77' lang='lat' dir='ltr'>hemisphoericus</span> <span class='ocrx_word' id='word_1_28' title='bbox 1529 415 1540 433; x_wconf 87' lang='lat'>‚</span> 
     </span>
     <span class='ocr_line' id='line_1_6' title="bbox 250 443 1207 502; baseline -0.002 -15"><span class='ocrx_word' id='word_1_29' title='bbox 250 445 430 487; x_wconf 83' lang='lat' dir='ltr'>conicas</span> <span class='ocrx_word' id='word_1_30' title='bbox 448 476 459 494; x_wconf 89' lang='lat'>‚</span> <span class='ocrx_word' id='word_1_31' title='bbox 495 446 737 500; x_wconf 76' lang='lat' dir='ltr'>angulatas</span> <span class='ocrx_word' id='word_1_32' title='bbox 755 477 765 495; x_wconf 83' lang='lat'><strong>,</strong></span> <span class='ocrx_word' id='word_1_33' title='bbox 797 445 948 502; x_wconf 85' lang='lat' dir='ltr'>quoad.</span> <span class='ocrx_word' id='word_1_34' title='bbox 980 443 1173 486; x_wconf 79' lang='lat' dir='ltr'>formam</span> <span class='ocrx_word' id='word_1_35' title='bbox 1197 477 1207 486; x_wconf 90' lang='lat'>.</span> 
     </span>
    </p>

    <p class='ocr_par' dir='ltr' id='par_1_4' title="bbox 308 502 1079 561">
     <span class='ocr_line' id='line_1_7' title="bbox 308 502 1079 561; baseline 0.001 -17"><span class='ocrx_word' id='word_1_36' title='bbox 308 502 512 546; x_wconf 80' lang='lat' dir='ltr'>Lobatus</span> <span class='ocrx_word' id='word_1_37' title='bbox 529 537 540 555; x_wconf 85' lang='lat'><strong>,</strong></span> <span class='ocrx_word' id='word_1_38' title='bbox 575 507 773 546; x_wconf 81' lang='lat' dir='ltr'>radiatas</span> <span class='ocrx_word' id='word_1_39' title='bbox 797 537 807 555; x_wconf 86' lang='lat'><strong>,</strong></span> <span class='ocrx_word' id='word_1_40' title='bbox 840 505 1044 561; x_wconf 82' lang='lat' dir='ltr'>margine</span> <span class='ocrx_word' id='word_1_41' title='bbox 1069 536 1079 545; x_wconf 91' lang='lat'><strong>.</strong></span> 
     </span>
    </p>

    <p class='ocr_par' dir='ltr' id='par_1_5' title="bbox 248 561 1546 666">
     <span class='ocr_line' id='line_1_8' title="bbox 308 561 1546 621; baseline -0.002 -17"><span class='ocrx_word' id='word_1_42' title='bbox 308 562 564 606; x_wconf 74' lang='lat' dir='ltr'>Locellatus</span> <span class='ocrx_word' id='word_1_43' title='bbox 587 597 597 614; x_wconf 89' lang='lat'>‚</span> <span class='ocrx_word' id='word_1_44' title='bbox 629 580 656 606; x_wconf 90' lang='lat' dir='ltr'>a</span> <span class='ocrx_word' id='word_1_45' title='bbox 687 564 853 606; x_wconf 86' lang='lat' dir='ltr'>loculis</span> <span class='ocrx_word' id='word_1_46' title='bbox 883 564 1237 606; x_wconf 81' lang='lat' dir='ltr'>membranaceis</span> <span class='ocrx_word' id='word_1_47' title='bbox 1256 596 1267 615; x_wconf 91' lang='lat'>,</span> <span class='ocrx_word' id='word_1_48' title='bbox 1299 561 1546 621; x_wconf 80' lang='lat' dir='ltr'>florigeris,</span> 
     </span>
     <span class='ocr_line' id='line_1_9' title="bbox 248 621 840 666; baseline 0.005 -3"><span class='ocrx_word' id='word_1_49' title='bbox 248 624 295 664; x_wconf 91' lang='lat' dir='ltr'>in</span> <span class='ocrx_word' id='word_1_50' title='bbox 329 621 536 665; x_wconf 86' lang='lat' dir='ltr'>inferiori</span> <span class='ocrx_word' id='word_1_51' title='bbox 567 622 682 665; x_wconf 86' lang='lat' dir='ltr'>faeie</span> <span class='ocrx_word' id='word_1_52' title='bbox 709 625 806 665; x_wconf 88' lang='lat' dir='ltr'>sitis</span> <span class='ocrx_word' id='word_1_53' title='bbox 830 655 840 666; x_wconf 83' lang='lat'><strong>.</strong></span> 
     </span>
    </p>

    <p class='ocr_par' dir='ltr' id='par_1_6' title="bbox 250 681 1547 800">
     <span class='ocr_line' id='line_1_10' title="bbox 308 681 1547 741; baseline 0 -18"><span class='ocrx_word' id='word_1_54' title='bbox 308 681 534 725; x_wconf 78' lang='lat' dir='ltr'>Barbatus</span> <span class='ocrx_word' id='word_1_55' title='bbox 565 698 593 725; x_wconf 84' lang='lat' dir='ltr'>a</span> <span class='ocrx_word' id='word_1_56' title='bbox 616 683 741 725; x_wconf 84' lang='lat' dir='ltr'>villis</span> <span class='ocrx_word' id='word_1_57' title='bbox 762 683 819 724; x_wconf 84' lang='lat' dir='ltr'>ad</span> <span class='ocrx_word' id='word_1_58' title='bbox 840 685 1132 725; x_wconf 83' lang='lat' dir='ltr'>insertionem</span> <span class='ocrx_word' id='word_1_59' title='bbox 1159 681 1411 741; x_wconf 84' lang='lat' dir='ltr'>pedunculi</span> <span class='ocrx_word' id='word_1_60' title='bbox 1441 697 1547 723; x_wconf 88' lang='lat' dir='ltr'>cum</span> 
     </span>
     <span class='ocr_line' id='line_1_11' title="bbox 250 741 402 800; baseline 0.007 -18"><span class='ocrx_word' id='word_1_61' title='bbox 250 741 374 800; x_wconf 84' lang='lat' dir='ltr'>pelta</span> <span class='ocrx_word' id='word_1_62' title='bbox 392 774 402 783; x_wconf 89' lang='lat'><strong>.</strong></span> 
     </span>
    </p>

    <p class='ocr_par' dir='ltr' id='par_1_7' title="bbox 253 799 1550 977">
     <span class='ocr_line' id='line_1_12' title="bbox 310 799 1547 860; baseline 0 -18"><span class='ocrx_word' id='word_1_63' title='bbox 310 801 355 857; x_wconf 81' lang='lat'>§.</span> <span class='ocrx_word' id='word_1_64' title='bbox 394 800 466 856; x_wconf 87' lang='lat'>95.</span> <span class='ocrx_word' id='word_1_65' title='bbox 511 799 652 857; x_wconf 82' lang='lat' dir='ltr'>Spica</span> <span class='ocrx_word' id='word_1_66' title='bbox 675 833 687 851; x_wconf 88' lang='lat'>,</span> <span class='ocrx_word' id='word_1_67' title='bbox 735 813 959 850; x_wconf 79' lang='lat' dir='ltr'>racemus,</span> <span class='ocrx_word' id='word_1_68' title='bbox 999 802 1220 857; x_wconf 80' lang='lat' dir='ltr'>panicula</span> <span class='ocrx_word' id='word_1_69' title='bbox 1258 803 1547 860; x_wconf 85' lang='lat' dir='ltr'>recipiuntur</span> 
     </span>
     <span class='ocr_line' id='line_1_13' title="bbox 254 858 1550 920; baseline 0 -19"><span class='ocrx_word' id='word_1_70' title='bbox 254 861 411 901; x_wconf 84' lang='lat' dir='ltr'>eodem</span> <span class='ocrx_word' id='word_1_71' title='bbox 442 875 570 901; x_wconf 85' lang='lat' dir='ltr'>sensu</span> <span class='ocrx_word' id='word_1_72' title='bbox 597 893 608 910; x_wconf 80' lang='grc'>,</span> <span class='ocrx_word' id='word_1_73' title='bbox 639 875 692 900; x_wconf 86' lang='lat' dir='ltr'>ac</span> <span class='ocrx_word' id='word_1_74' title='bbox 724 865 771 900; x_wconf 88' lang='lat' dir='ltr'>in</span> <span class='ocrx_word' id='word_1_75' title='bbox 803 858 972 915; x_wconf 83' lang='lat' dir='ltr'>plantis</span> <span class='ocrx_word' id='word_1_76' title='bbox 1004 860 1342 918; x_wconf 76' lang='lat' dir='ltr'>phaenogami53</span> <span class='ocrx_word' id='word_1_77' title='bbox 1374 870 1422 904; x_wconf 85' lang='lat' dir='ltr'>at</span> <span class='ocrx_word' id='word_1_78' title='bbox 1454 863 1550 920; x_wconf 81' lang='lat' dir='ltr'>spi—</span> 
     </span>
     <span class='ocr_line' id='line_1_14' title="bbox 253 919 1150 977; baseline 0 -17"><span class='ocrx_word' id='word_1_79' title='bbox 253 935 306 961; x_wconf 84' lang='lat' dir='ltr'>ca</span> <span class='ocrx_word' id='word_1_80' title='bbox 338 929 743 977; x_wconf 79' lang='lat' dir='ltr'>cryptogamarum</span> <span class='ocrx_word' id='word_1_81' title='bbox 770 920 996 976; x_wconf 84' lang='lat' dir='ltr'>praecipue</span> <span class='ocrx_word' id='word_1_82' title='bbox 1028 919 1150 961; x_wconf 86' lang='lat' dir='ltr'>ludit</span> 
     </span>
    </p>

    <p class='ocr_par' dir='ltr' id='par_1_8' title="bbox 314 976 1367 1037">
     <span class='ocr_line' id='line_1_15' title="bbox 314 976 1367 1037; baseline 0.001 -17"><span class='ocrx_word' id='word_1_83' title='bbox 314 976 446 1020; x_wconf 84' lang='lat' dir='ltr'>Teres</span> <span class='ocrx_word' id='word_1_84' title='bbox 468 1012 480 1031; x_wconf 94' lang='lat'>,</span> <span class='ocrx_word' id='word_1_85' title='bbox 515 988 749 1036; x_wconf 80' lang='lat' dir='ltr'>tetragona</span> <span class='ocrx_word' id='word_1_86' title='bbox 767 1010 778 1030; x_wconf 91' lang='lat'><strong>,</strong></span> <span class='ocrx_word' id='word_1_87' title='bbox 812 979 1054 1021; x_wconf 76' lang='lat' dir='ltr'>articulata</span> <span class='ocrx_word' id='word_1_88' title='bbox 1071 1011 1083 1030; x_wconf 87' lang='lat'>‚</span> <span class='ocrx_word' id='word_1_89' title='bbox 1115 981 1338 1037; x_wconf 79' lang='lat' dir='ltr'>clavigera</span> <span class='ocrx_word' id='word_1_90' title='bbox 1358 1012 1367 1021; x_wconf 92' lang='lat'>.</span> 
     </span>
    </p>
   </div>
   <div class='ocr_carea' id='block_1_3' title="bbox 780 1125 1047 1171">
    <p class='ocr_par' dir='ltr' id='par_1_9' title="bbox 780 1125 1047 1171">
     <span class='ocr_line' id='line_1_16' title="bbox 780 1125 1047 1171; baseline 0.004 -2"><span class='ocrx_word' id='word_1_91' title='bbox 780 1125 1014 1171; x_wconf 77' lang='lat' dir='ltr'>Indusium</span> <span class='ocrx_word' id='word_1_92' title='bbox 1036 1160 1047 1170; x_wconf 89' lang='lat'><strong>.</strong></span> 
     </span>
    </p>
   </div>
   <div class='ocr_carea' id='block_1_4' title="bbox 252 1275 1560 2296">
    <p class='ocr_par' dir='ltr' id='par_1_10' title="bbox 252 1275 1556 1455">
     <span class='ocr_line' id='line_1_17' title="bbox 309 1275 1556 1335; baseline -0.002 -16"><span class='ocrx_word' id='word_1_93' title='bbox 309 1276 355 1332; x_wconf 55' lang='grc' dir='ltr'>ξ.</span> <span class='ocrx_word' id='word_1_94' title='bbox 389 1276 461 1334; x_wconf 84' lang='lat'>96.</span> <span class='ocrx_word' id='word_1_95' title='bbox 494 1275 728 1318; x_wconf 79' lang='lat' dir='ltr'>Indasiam</span> <span class='ocrx_word' id='word_1_96' title='bbox 751 1279 940 1335; x_wconf 79' lang='lat' dir='ltr'>proprio</span> <span class='ocrx_word' id='word_1_97' title='bbox 959 1290 1089 1320; x_wconf 81' lang='lat' dir='ltr'>sensa</span> <span class='ocrx_word' id='word_1_98' title='bbox 1121 1284 1187 1319; x_wconf 86' lang='lat' dir='ltr'>est</span> <span class='ocrx_word' id='word_1_99' title='bbox 1208 1283 1389 1335; x_wconf 82' lang='lat' dir='ltr'>tegmen</span> <span class='ocrx_word' id='word_1_100' title='bbox 1411 1291 1556 1318; x_wconf 74' lang='lat' dir='ltr'>men]-</span> 
     </span>
     <span class='ocr_line' id='line_1_18' title="bbox 252 1335 1552 1393; baseline -0.001 -15"><span class='ocrx_word' id='word_1_101' title='bbox 252 1337 528 1379; x_wconf 83' lang='lat' dir='ltr'>branaceum</span> <span class='ocrx_word' id='word_1_102' title='bbox 553 1369 564 1388; x_wconf 92' lang='lat'><strong>,</strong></span> <span class='ocrx_word' id='word_1_103' title='bbox 608 1335 735 1393; x_wconf 86' lang='lat' dir='ltr'>quod</span> <span class='ocrx_word' id='word_1_104' title='bbox 784 1338 977 1380; x_wconf 81' lang='lat' dir='ltr'>obducit</span> <span class='ocrx_word' id='word_1_105' title='bbox 1029 1352 1155 1379; x_wconf 88' lang='lat' dir='ltr'>soros</span> <span class='ocrx_word' id='word_1_106' title='bbox 1206 1337 1396 1378; x_wconf 80' lang='lat' dir='ltr'>Filicam</span> <span class='ocrx_word' id='word_1_107' title='bbox 1422 1369 1433 1387; x_wconf 89' lang='lat'>,</span> <span class='ocrx_word' id='word_1_108' title='bbox 1469 1344 1552 1378; x_wconf 86' lang='lat' dir='ltr'>aut</span> 
     </span>
     <span class='ocr_line' id='line_1_19' title="bbox 253 1397 1386 1455; baseline -0.001 -17"><span class='ocrx_word' id='word_1_109' title='bbox 253 1411 421 1455; x_wconf 82' lang='lat' dir='ltr'>organa</span> <span class='ocrx_word' id='word_1_110' title='bbox 453 1397 794 1455; x_wconf 81' lang='lat' dir='ltr'>propagationis</span> <span class='ocrx_word' id='word_1_111' title='bbox 824 1398 1134 1455; x_wconf 74' lang='lat' dir='ltr'>Equisetoram</span> <span class='ocrx_word' id='word_1_112' title='bbox 1157 1430 1168 1439; x_wconf 90' lang='lat'><strong>.</strong></span> <span class='ocrx_word' id='word_1_113' title='bbox 1203 1398 1386 1439; x_wconf 84' lang='lat' dir='ltr'>Dicitur</span> 
     </span>
    </p>

    <p class='ocr_par' dir='ltr' id='par_1_11' title="bbox 255 1457 1554 1575">
     <span class='ocr_line' id='line_1_20' title="bbox 313 1457 1554 1513; baseline 0 -15"><span class='ocrx_word' id='word_1_114' title='bbox 313 1457 509 1499; x_wconf 81' lang='lat' dir='ltr'><em>Planum</em></span> <span class='ocrx_word' id='word_1_115' title='bbox 527 1489 538 1508; x_wconf 95' lang='lat'><strong><em>‚</em></strong></span> <span class='ocrx_word' id='word_1_116' title='bbox 563 1457 786 1513; x_wconf 77' lang='lat' dir='ltr'>pellatam</span> <span class='ocrx_word' id='word_1_117' title='bbox 811 1490 822 1509; x_wconf 92' lang='lat'><em>,</em></span> <span class='ocrx_word' id='word_1_118' title='bbox 853 1459 1171 1500; x_wconf 77' lang='lat' dir='ltr'>corniculatam</span> <span class='ocrx_word' id='word_1_119' title='bbox 1190 1490 1201 1508; x_wconf 91' lang='lat'>‚</span> <span class='ocrx_word' id='word_1_120' title='bbox 1254 1457 1522 1499; x_wconf 80' lang='lat' dir='ltr'>urceolatam</span> <span class='ocrx_word' id='word_1_121' title='bbox 1543 1489 1554 1507; x_wconf 91' lang='lat'>‚</span> 
     </span>
     <span class='ocr_line' id='line_1_21' title="bbox 255 1516 1552 1575; baseline -0.002 -17"><span class='ocrx_word' id='word_1_122' title='bbox 255 1516 429 1559; x_wconf 78' lang='lat' dir='ltr'>bivalve</span> <span class='ocrx_word' id='word_1_123' title='bbox 454 1550 465 1568; x_wconf 89' lang='lat'>‚</span> <span class='ocrx_word' id='word_1_124' title='bbox 495 1516 804 1573; x_wconf 76' lang='lat' dir='ltr'>squamzforme</span> <span class='ocrx_word' id='word_1_125' title='bbox 827 1550 839 1569; x_wconf 88' lang='lat'>,</span> <span class='ocrx_word' id='word_1_126' title='bbox 870 1518 1220 1575; x_wconf 72' lang='lat' dir='ltr'>superficiariam</span> <span class='ocrx_word' id='word_1_127' title='bbox 1247 1550 1260 1568; x_wconf 89' lang='lat'><strong>,</strong></span> <span class='ocrx_word' id='word_1_128' title='bbox 1292 1517 1552 1573; x_wconf 82' lang='lat' dir='ltr'>marginale.</span> 
     </span>
    </p>

    <p class='ocr_par' dir='ltr' id='par_1_12' title="bbox 253 1576 1559 1679">
     <span class='ocr_line' id='line_1_22' title="bbox 313 1576 1559 1630; baseline -0.002 -10"><span class='ocrx_word' id='word_1_129' title='bbox 313 1577 582 1620; x_wconf 76' lang='lat' dir='ltr'>Continuam</span> <span class='ocrx_word' id='word_1_130' title='bbox 607 1608 618 1628; x_wconf 90' lang='lat'><em>,</em></span> <span class='ocrx_word' id='word_1_131' title='bbox 650 1579 832 1619; x_wconf 77' lang='lat' dir='ltr'>interius</span> <span class='ocrx_word' id='word_1_132' title='bbox 875 1579 1099 1621; x_wconf 76' lang='lat' dir='ltr'>dehiscens</span> <span class='ocrx_word' id='word_1_133' title='bbox 1128 1611 1139 1630; x_wconf 90' lang='lat'>,</span> <span class='ocrx_word' id='word_1_134' title='bbox 1188 1580 1379 1620; x_wconf 77' lang='lat' dir='ltr'>exterius</span> <span class='ocrx_word' id='word_1_135' title='bbox 1429 1576 1559 1618; x_wconf 75' lang='lat' dir='ltr'>dehi-</span> 
     </span>
     <span class='ocr_line' id='line_1_23' title="bbox 253 1637 862 1679; baseline 0 0"><span class='ocrx_word' id='word_1_136' title='bbox 253 1650 378 1679; x_wconf 77' lang='lat' dir='ltr'>scens</span> <span class='ocrx_word' id='word_1_137' title='bbox 409 1638 456 1677; x_wconf 91' lang='lat' dir='ltr'>in</span> <span class='ocrx_word' id='word_1_138' title='bbox 487 1651 589 1678; x_wconf 84' lang='lat' dir='ltr'>soro</span> <span class='ocrx_word' id='word_1_139' title='bbox 620 1637 825 1679; x_wconf 81' lang='lat' dir='ltr'>solitario</span> <span class='ocrx_word' id='word_1_140' title='bbox 851 1670 862 1679; x_wconf 87' lang='lat'><strong>.</strong></span> 
     </span>
    </p>

    <p class='ocr_par' dir='ltr' id='par_1_13' title="bbox 254 1695 1557 1874">
     <span class='ocr_line' id='line_1_24' title="bbox 315 1695 1557 1754; baseline -0.001 -17"><span class='ocrx_word' id='word_1_141' title='bbox 315 1696 359 1753; x_wconf 58' lang='grc' dir='ltr'>ς.</span> <span class='ocrx_word' id='word_1_142' title='bbox 382 1711 454 1752; x_wconf 80' lang='lat'>97.</span> <span class='ocrx_word' id='word_1_143' title='bbox 476 1696 695 1753; x_wconf 71' lang='lat' dir='ltr'>Calyptra</span> <span class='ocrx_word' id='word_1_144' title='bbox 713 1706 779 1739; x_wconf 88' lang='lat' dir='ltr'>est</span> <span class='ocrx_word' id='word_1_145' title='bbox 799 1697 1031 1740; x_wconf 87' lang='lat' dir='ltr'>indusium</span> <span class='ocrx_word' id='word_1_146' title='bbox 1054 1695 1427 1754; x_wconf 81' lang='lat' dir='ltr'>campanulatum</span> <span class='ocrx_word' id='word_1_147' title='bbox 1450 1709 1557 1736; x_wconf 87' lang='lat' dir='ltr'>oon-</span> 
     </span>
     <span class='ocr_line' id='line_1_25' title="bbox 255 1755 1554 1814; baseline 0.001 -17"><span class='ocrx_word' id='word_1_148' title='bbox 255 1755 485 1812; x_wconf 83' lang='lat' dir='ltr'>ceptaculi</span> <span class='ocrx_word' id='word_1_149' title='bbox 518 1755 711 1798; x_wconf 79' lang='lat' dir='ltr'>foeminei</span> <span class='ocrx_word' id='word_1_150' title='bbox 741 1756 1003 1800; x_wconf 83' lang='lat' dir='ltr'>Mascoram</span> <span class='ocrx_word' id='word_1_151' title='bbox 1024 1789 1035 1808; x_wconf 82' lang='grc'>,</span> <span class='ocrx_word' id='word_1_152' title='bbox 1068 1759 1187 1814; x_wconf 87' lang='lat' dir='ltr'>apici</span> <span class='ocrx_word' id='word_1_153' title='bbox 1219 1758 1319 1810; x_wconf 81' lang='lat' dir='ltr'>ejus</span> <span class='ocrx_word' id='word_1_154' title='bbox 1350 1756 1519 1798; x_wconf 83' lang='lat' dir='ltr'>haerens</span> <span class='ocrx_word' id='word_1_155' title='bbox 1544 1785 1554 1803; x_wconf 92' lang='lat'><strong>,</strong></span> 
     </span>
     <span class='ocr_line' id='line_1_26' title="bbox 254 1812 1454 1874; baseline -0.001 -17"><span class='ocrx_word' id='word_1_156' title='bbox 254 1812 468 1857; x_wconf 84' lang='lat' dir='ltr'>diffluum</span> <span class='ocrx_word' id='word_1_157' title='bbox 499 1824 826 1858; x_wconf 84' lang='lat' dir='ltr'>maturescente</span> <span class='ocrx_word' id='word_1_158' title='bbox 857 1816 1187 1874; x_wconf 85' lang='lat' dir='ltr'>conceptaculo</span> <span class='ocrx_word' id='word_1_159' title='bbox 1212 1849 1222 1858; x_wconf 91' lang='lat'><strong><em>.</em></strong></span> <span class='ocrx_word' id='word_1_160' title='bbox 1249 1816 1454 1858; x_wconf 80' lang='lat' dir='ltr'>Vocatur</span> 
     </span>
    </p>

    <p class='ocr_par' dir='ltr' id='par_1_14' title="bbox 254 1875 1560 1992">
     <span class='ocr_line' id='line_1_27' title="bbox 315 1875 1560 1926; baseline 0.002 -10"><span class='ocrx_word' id='word_1_161' title='bbox 315 1875 570 1917; x_wconf 78' lang='lat' dir='ltr'>Dimidiata</span> <span class='ocrx_word' id='word_1_162' title='bbox 596 1907 607 1926; x_wconf 87' lang='lat'>‚</span> <span class='ocrx_word' id='word_1_163' title='bbox 639 1890 745 1918; x_wconf 84' lang='lat' dir='ltr'>cum</span> <span class='ocrx_word' id='word_1_164' title='bbox 776 1875 871 1918; x_wconf 85' lang='lat' dir='ltr'>fere</span> <span class='ocrx_word' id='word_1_165' title='bbox 925 1877 1167 1918; x_wconf 88' lang='lat' dir='ltr'>dimidium</span> <span class='ocrx_word' id='word_1_166' title='bbox 1220 1891 1388 1918; x_wconf 89' lang='lat' dir='ltr'>conum</span> <span class='ocrx_word' id='word_1_167' title='bbox 1440 1877 1560 1919; x_wconf 84' lang='lat' dir='ltr'>sistit</span> 
     </span>
     <span class='ocr_line' id='line_1_28' title="bbox 254 1935 691 1992; baseline 0.005 -16"><span class='ocrx_word' id='word_1_168' title='bbox 254 1935 543 1992; x_wconf 82' lang='lat' dir='ltr'>longitudine</span> <span class='ocrx_word' id='word_1_169' title='bbox 575 1950 658 1977; x_wconf 83' lang='lat' dir='ltr'>sua</span> <span class='ocrx_word' id='word_1_170' title='bbox 678 1967 691 1978; x_wconf 88' lang='lat'><strong>.</strong></span> 
     </span>
    </p>

    <p class='ocr_par' dir='ltr' id='par_1_15' title="bbox 311 1995 1472 2054">
     <span class='ocr_line' id='line_1_29' title="bbox 311 1995 1472 2054; baseline 0.002 -18"><span class='ocrx_word' id='word_1_171' title='bbox 311 1995 647 2052; x_wconf 78' lang='lat' dir='ltr'>Campanalata</span> <span class='ocrx_word' id='word_1_172' title='bbox 664 2027 675 2046; x_wconf 88' lang='lat'><strong><em>‚</em></strong></span> <span class='ocrx_word' id='word_1_173' title='bbox 709 2009 817 2037; x_wconf 87' lang='lat' dir='ltr'>cum</span> <span class='ocrx_word' id='word_1_174' title='bbox 841 1995 979 2039; x_wconf 86' lang='lat' dir='ltr'>efficit</span> <span class='ocrx_word' id='word_1_175' title='bbox 1008 1998 1238 2054; x_wconf 83' lang='lat' dir='ltr'>integrum</span> <span class='ocrx_word' id='word_1_176' title='bbox 1271 2010 1440 2038; x_wconf 91' lang='lat' dir='ltr'>conum</span> <span class='ocrx_word' id='word_1_177' title='bbox 1462 2029 1472 2038; x_wconf 91' lang='lat'><strong>.</strong></span> 
     </span>
    </p>

    <p class='ocr_par' dir='ltr' id='par_1_16' title="bbox 313 2054 1234 2115">
     <span class='ocr_line' id='line_1_30' title="bbox 313 2054 1234 2115; baseline 0.003 -19"><span class='ocrx_word' id='word_1_178' title='bbox 313 2054 500 2111; x_wconf 84' lang='lat' dir='ltr'>Integra</span> <span class='ocrx_word' id='word_1_179' title='bbox 525 2088 536 2105; x_wconf 94' lang='lat'>,</span> <span class='ocrx_word' id='word_1_180' title='bbox 565 2056 751 2098; x_wconf 79' lang='lat' dir='ltr'>dentata</span> <span class='ocrx_word' id='word_1_181' title='bbox 779 2088 790 2105; x_wconf 85' lang='lat'><strong>‚</strong></span> <span class='ocrx_word' id='word_1_182' title='bbox 824 2056 970 2100; x_wconf 83' lang='lat' dir='ltr'>lacera</span> <span class='ocrx_word' id='word_1_183' title='bbox 1000 2059 1205 2115; x_wconf 81' lang='lat' dir='ltr'>margine</span> <span class='ocrx_word' id='word_1_184' title='bbox 1224 2089 1234 2099; x_wconf 89' lang='lat'><strong>.</strong></span> 
     </span>
    </p>

    <p class='ocr_par' dir='ltr' id='par_1_17' title="bbox 253 2114 1560 2235">
     <span class='ocr_line' id='line_1_31' title="bbox 314 2114 1560 2173; baseline 0.002 -18"><span class='ocrx_word' id='word_1_185' title='bbox 314 2114 447 2157; x_wconf 76' lang='lat' dir='ltr'>Levis</span> <span class='ocrx_word' id='word_1_186' title='bbox 465 2147 476 2165; x_wconf 92' lang='lat'><strong>,</strong></span> <span class='ocrx_word' id='word_1_187' title='bbox 509 2117 669 2157; x_wconf 81' lang='lat' dir='ltr'>striata</span> <span class='ocrx_word' id='word_1_188' title='bbox 687 2147 698 2167; x_wconf 91' lang='lat'>‚</span> <span class='ocrx_word' id='word_1_189' title='bbox 729 2115 887 2171; x_wconf 83' lang='lat' dir='ltr'>glabra</span> <span class='ocrx_word' id='word_1_190' title='bbox 905 2149 917 2168; x_wconf 94' lang='lat'>,</span> <span class='ocrx_word' id='word_1_191' title='bbox 953 2118 1074 2159; x_wconf 82' lang='lat' dir='ltr'>nuda</span> <span class='ocrx_word' id='word_1_192' title='bbox 1096 2150 1107 2167; x_wconf 92' lang='lat'>‚</span> <span class='ocrx_word' id='word_1_193' title='bbox 1136 2116 1369 2173; x_wconf 78' lang='lat' dir='ltr'>subpilosa</span> <span class='ocrx_word' id='word_1_194' title='bbox 1394 2150 1406 2169; x_wconf 88' lang='lat'>‚</span> <span class='ocrx_word' id='word_1_195' title='bbox 1439 2117 1560 2158; x_wconf 83' lang='lat' dir='ltr'>idest</span> 
     </span>
     <span class='ocr_line' id='line_1_32' title="bbox 253 2175 1273 2235; baseline 0.005 -20"><span class='ocrx_word' id='word_1_196' title='bbox 253 2175 639 2233; x_wconf 70' lang='lat' dir='ltr'>paraphisiplzora</span> <span class='ocrx_word' id='word_1_197' title='bbox 657 2208 668 2227; x_wconf 90' lang='lat'>‚</span> <span class='ocrx_word' id='word_1_198' title='bbox 706 2176 861 2219; x_wconf 78' lang='lat' dir='ltr'>villosa</span> <span class='ocrx_word' id='word_1_199' title='bbox 889 2210 901 2227; x_wconf 89' lang='lat'><strong>,</strong></span> <span class='ocrx_word' id='word_1_200' title='bbox 930 2177 977 2217; x_wconf 93' lang='lat' dir='ltr'>in</span> <span class='ocrx_word' id='word_1_201' title='bbox 1004 2175 1239 2235; x_wconf 81' lang='lat' dir='ltr'>superficie</span> <span class='ocrx_word' id='word_1_202' title='bbox 1263 2210 1273 2220; x_wconf 86' lang='lat'><strong>.</strong></span> 
     </span>
    </p>

    <p class='ocr_par' dir='ltr' id='par_1_18' title="bbox 282 2235 1558 2296">
     <span class='ocr_line' id='line_1_33' title="bbox 282 2235 1558 2296; baseline 0.002 -19"><span class='ocrx_word' id='word_1_203' title='bbox 282 2261 286 2265; x_wconf 94' lang='lat'><em>-</em></span> <span class='ocrx_word' id='word_1_204' title='bbox 318 2235 362 2291; x_wconf 55' lang='grc' dir='ltr'>ᾖ.</span> <span class='ocrx_word' id='word_1_205' title='bbox 395 2236 466 2292; x_wconf 86' lang='lat'>98.</span> <span class='ocrx_word' id='word_1_206' title='bbox 498 2235 675 2279; x_wconf 72' lang='lat' dir='ltr'>Anulus</span> <span class='ocrx_word' id='word_1_207' title='bbox 724 2243 791 2279; x_wconf 89' lang='lat' dir='ltr'>est</span> <span class='ocrx_word' id='word_1_208' title='bbox 834 2237 1084 2281; x_wconf 85' lang='lat' dir='ltr'>membrana</span> <span class='ocrx_word' id='word_1_209' title='bbox 1108 2270 1119 2290; x_wconf 82' lang='lat'>‚</span> <span class='ocrx_word' id='word_1_210' title='bbox 1171 2253 1269 2296; x_wconf 83' lang='lat' dir='ltr'>quae</span> <span class='ocrx_word' id='word_1_211' title='bbox 1307 2238 1356 2279; x_wconf 93' lang='lat' dir='ltr'>in</span> <span class='ocrx_word' id='word_1_212' title='bbox 1386 2236 1558 2294; x_wconf 81' lang='lat' dir='ltr'>Fungis</span> 
     </span>
    </p>
   </div>
  </div>
 </body>
</html>
