1669 2563
462 293 682 336 Balbini.
716 287 900 329 Gemmae
922 318 931 327 .
976 283 1129 326 Flores
1161 287 1332 340 sparsi.

311 414 355 469 ὃ.
387 413 488 467 453.
521 411 667 452 Sicuti
702 406 861 465 plantae
883 403 1085 462 quaedam
1118 401 1410 460 phaenogamae
1442 402 1544 445 bul-

248 473 389 515 billos
407 504 418 522 ‚
464 478 510 512 et
540 483 741 527 gemmas
764 466 934 515 ferunt,
953 464 1125 521 quibus
1174 462 1545 518 reproducuntur

248 532 322 574 vel
355 538 470 581 totae,
495 529 568 571 vel
602 528 762 585 aliqua
795 528 865 566 sui
898 532 1043 583 parte,
1071 524 1135 563 ita
1166 529 1212 563 et
1241 528 1546 577 cryptogama:

253 592 422 633 habent
467 588 694 631 bulbillos
722 619 733 637 ‚
767 593 811 627 et
835 598 1032 641 gemmas
1065 596 1168 624 suas
1193 614 1202 622 .
1235 580 1428 622 Bulbilli
1475 583 1549 622 isti

251 653 299 691 in
330 652 544 707 utrisque
577 647 689 690 nudi
716 679 726 697 ,
758 645 880 687 leves
908 678 919 695 ‚
964 646 1012 684 in
1063 641 1416 700 parenchymate
1467 656 1550 682 suo

248 712 450 767 germine
481 708 594 758 sceti,
627 705 751 764 quod
783 705 1073 762 generatione
1106 702 1279 742 directa
1311 716 1399 742 non
1431 708 1549 757 eget,

248 772 297 810 in
327 769 637 826 cryptogamis
669 765 847 824 globosi
873 797 883 814 ‚
917 771 998 805 aut
1039 761 1187 804 forma
1219 760 1382 811 lentis,
1435 760 1554 801 sole-

248 845 374 872 mnes
405 831 452 870 in
469 827 771 871 Marclzantiis
793 830 915 866 intra
941 821 1196 880 peculiares
1214 820 1409 877 scyphos
1429 836 1554 861 mar-

251 891 355 947 gine
386 889 594 930 dentatos
615 920 624 938 ‚
658 900 774 943 quos
809 897 1038 941 orygomas
1062 881 1181 923 dixit
1209 880 1447 922 Neckerus
1468 912 1478 930 ,
1509 887 1556 921 et

249 965 356 990 cum
390 948 604 990 Neckero
639 944 913 993 Mirbelius,
946 942 1020 984 vel
1053 944 1099 983 in
1129 940 1285 982 axillis
1335 939 1556 982 foliorum

249 1008 528 1067 plicatorum
561 1005 865 1064 quarumdam
891 1002 1339 1059 chngermanniarum
1362 1032 1371 1042 .
1425 999 1560 1041 Gem-

250 1085 327 1111 mae
343 1068 512 1110 foliosae
533 1070 721 1124 copiosae
742 1066 790 1106 in
811 1063 987 1106 Muscis
1011 1061 1384 1119 perennantibus,
1408 1075 1558 1101 exem-

252 1128 333 1186 plo
364 1128 527 1185 Hypni
548 1129 748 1183 triquetrz'
777 1123 854 1174 L.,
887 1130 933 1165 et
961 1122 1123 1179 Hypnz'
1154 1120 1397 1163 brewirostri
1427 1119 1555 1170 Erlz.‚

252 1189 378 1245 quod
405 1188 522 1230 forte
544 1186 710 1245 prioris
741 1186 954 1232 varietas,
987 1196 1185 1239 quorum
1212 1189 1445 1236 utrunque
1462 1179 1559 1220 lon-

251 1264 307 1305 ge
328 1248 513 1305 lateque
555 1261 695 1303 supra
748 1252 916 1286 terram
953 1241 1230 1298 expanditur
1276 1254 1560 1297 gemmarum

253 1323 338 1365 ope
366 1311 413 1349 in
447 1306 587 1362 sylvis
617 1306 811 1363 Liguriae
837 1336 847 1354 ‚
873 1317 955 1344 nec
987 1316 1192 1359 unquam
1211 1333 1222 1351 ,
1254 1308 1336 1341 aut
1380 1300 1558 1340 rarissi-

252 1383 324 1409 me
347 1402 358 1420 ,
391 1369 455 1409 ibi
489 1365 650 1416 floret,
682 1373 726 1407 et
756 1360 1003 1405 fruetificat
1028 1393 1038 1402 .

311 1427 355 1484 §.
387 1428 489 1481 454.
521 1425 694 1467 Plantis
724 1420 1069 1478 aeotyledoneis'
1098 1420 1270 1476 agamis
1293 1419 1386 1473 jam
1424 1431 1557 1473 supe-

253 1488 351 1529 ritls
382 1485 722 1528 valediximus:
756 1483 858 1524 ideo
893 1480 1024 1521 nullo
1061 1488 1194 1536 paeto
1225 1478 1320 1519 illis
1372 1478 1557 1518 assenti-

252 1562 375 1597 mur,
409 1549 490 1603 qui
522 1542 843 1600 hujuscemodi
876 1539 1054 1599 plantas
1086 1539 1189 1580 unis
1214 1536 1430 1581 bulbillis
1460 1552 1559 1593 per-

251 1615 394 1664 petuo
426 1606 669 1663 propagari
700 1608 956 1645 asseverant
984 1632 994 1641 .
1028 1598 1208 1640 Etenim
1240 1595 1559 1656 perigongylia

252 1665 414 1708 multis
446 1665 551 1707 foeta
581 1662 813 1721 gongylis‚
845 1661 961 1703 idest
991 1660 1158 1716 elytrce,
1209 1673 1306 1714 quae
1349 1659 1395 1698 in
1448 1658 1560 1713 ipsis

254 1735 520 1777 occurrunt,
552 1722 744 1768 bulbilli
778 1730 987 1764 naturam
1018 1735 1043 1760 a
1076 1734 1120 1759 se
1167 1718 1384 1773 rejiciunt
1412 1749 1424 1767 ,
1480 1732 1562 1756 ex-

233 1786 452 1828 ‘cludunt
470 1818 480 1827 .
513 1784 724 1826 Attamen
752 1797 843 1823 non
873 1780 1197 1837 denegabimus
1217 1809 1233 1830 ,
1266 1776 1362 1819 fieri
1394 1791 1523 1835 posse
1547 1808 1558 1826 ‚

257 1854 311 1888 ut
340 1848 387 1888 in
416 1846 540 1887 hisce
565 1842 905 1899 acotyledoneis
937 1838 1131 1882 bulbilli
1161 1853 1253 1879 una
1283 1853 1391 1879 cum
1437 1837 1562 1893 peri-

257 1905 488 1964 gongyliis
520 1906 806 1963 reperiantur
837 1935 847 1944 .
879 1901 950 1944 Ita
981 1900 1187 1942 videmus
1235 1900 1282 1939 in
1332 1897 1564 1955 phaenoga-

257 1968 343 2007 mis
373 1974 417 2007 et
440 1964 570 2007 flores
594 1997 605 2016 ,
637 1972 683 2005 et
714 1961 944 2005 bulbillos
980 1958 1119 2002 simul
1147 1991 1158 2009 ,
1193 1973 1302 2015 saepe
1328 1959 1465 1998 etiam
1492 1959 1564 1996 in-

261 2033 334 2066 tra
362 2025 485 2067 idem
518 2022 896 2081 receptaculum.
944 2021 1092 2078 Igitur
1138 2019 1428 2060 Amicianum
1477 2017 1566 2056 mi-

261 2087 551 2142 croscopium
584 2086 787 2126 omnium
822 2080 1120 2140 praevalidum
1145 2079 1220 2120 hic
1253 2081 1299 2119 in
1331 2075 1564 2118 auxilium

261 2145 516 2186 vocandum
545 2177 556 2194 ‚
585 2152 637 2184 ut
671 2145 841 2186 rectius
890 2142 1218 2198 dignoscantur
1266 2141 1313 2179 in
1361 2137 1530 2194 aganus
1551 2168 1561 2183 ‚

263 2206 343 2261 qui
393 2206 481 2245 sint
511 2203 702 2245 bulbilli
731 2236 741 2253 ‚
792 2217 889 2260 quae
941 2198 1260 2258 perigongylia
1286 2231 1294 2239 .
1352 2197 1564 2251 Denique

265 2265 401 2306 sicuti
432 2266 479 2304 in
504 2263 807 2320 phaenogamis
833 2262 1001 2304 dantur
1025 2258 1157 2302 flores
1183 2256 1405 2316 peculiari
1431 2255 1566 2297 modo
