1669 2563
1326 204 1407 258 257

184 303 315 347 flores
346 300 737 361 hermaphroditos
761 333 772 350 ,
807 302 1004 343 secunda
1048 301 1178 346 flores
1223 309 1470 348 unisexua—

184 364 249 407 les
274 364 528 412 masculos,
557 363 689 402 tertia
721 360 1012 402 unisexuales
1034 362 1275 408 foemineos.
1300 368 1468 423 Spren-

183 424 331 481 gelius
360 423 535 481 plantas
566 421 703 460 unius
734 427 909 461 tantum
942 422 1114 463 ordinis
1163 428 1351 467 retinuit
1381 427 1467 467 sub

182 485 267 527 hac
298 483 440 524 classe
467 512 478 530 ‚
515 495 596 521 nec
625 480 797 534 injuria
823 512 833 521 .

240 543 285 599 ς.
322 544 416 595 144.
448 539 656 595 Denique
689 538 896 581 Linnaeus
925 538 1114 581 classem
1164 544 1233 594 24.
1267 542 1468 601 Crypto-

180 604 372 659 gamiam
403 602 449 640 in
480 599 661 641 ordines
684 607 884 656 quatuor
915 600 1171 656 dispertivit
1196 632 1206 650 ,
1247 617 1363 658 quos
1396 604 1467 645 di-

179 664 249 702 xit
276 661 440 703 Filices
463 691 474 709 ‚
508 657 695 702 Muscos
721 691 732 709 ,
766 658 908 715 Algas
927 691 944 712 ,
990 659 1172 715 szgos
1203 678 1214 710 3
1262 671 1308 702 at
1360 671 1428 703 tot
1454 695 1465 712 ,

177 729 362 778 tamque
391 720 591 761 diversas
622 733 692 760 res
723 719 809 761 sub
842 719 963 761 hisce
995 719 1232 762 ordinibus
1274 723 1469 777 conjun-

177 782 246 821 xit
272 813 283 831 ,
316 787 370 822 ut
399 779 579 821 eosdem
611 777 794 820 definire
826 782 1084 837 nequiverit
1105 812 1116 829 ,
1150 789 1195 821 et
1226 784 1379 837 potius
1409 798 1465 822 ex

175 839 339 881 habitu
369 839 569 898 quodam
618 836 909 890 fundaverit,
955 854 1047 897 quo
1093 843 1275 882 vocavit
1308 841 1467 884 Filices

175 899 428 942 latebrosas
454 932 464 950 ,
498 900 722 956 stipitatas
740 931 750 949 ‚
782 899 1026 942 dorsiferas
1046 932 1056 950 ‚
1096 915 1270 943 macras
1294 934 1306 952 ‚
1353 902 1468 943 Ma-

173 974 271 1002 scos
316 957 548 1016 hyemales
568 990 583 1012 ,
617 960 881 1001 imbricatos
908 991 918 1010 ,
952 959 1233 1016 calyptmtos
1257 993 1268 1011 ‚
1305 964 1466 1004 revivi-

173 1028 369 1071 scentes,
398 1020 541 1076 Algas
575 1019 858 1070 vernaculas,
891 1022 1154 1077 aquigenas,
1189 1020 1463 1078 squalentes,

174 1079 402 1122 redivivas
425 1112 436 1131 ,
482 1079 783 1121 nudiusculas
807 1112 817 1130 ,
851 1079 1034 1136 Fungos
1084 1081 1296 1122 nomades
1321 1114 1332 1131 ‚
1382 1097 1468 1123 au-

174 1138 400 1181 tumnales
423 1172 434 1191 ‚
467 1139 718 1180 denudatos
737 1171 748 1189 ,
782 1140 968 1196 putidos
994 1172 1004 1181 .
1037 1139 1211 1182 Verum
1242 1156 1346 1182 cum
1400 1158 1466 1183 re-

172 1202 395 1241 centiores
439 1200 641 1241 botanici
687 1201 858 1256 ingenti
890 1214 1001 1241 cura
1024 1231 1036 1250 ,
1085 1209 1130 1241 et
1163 1201 1313 1242 studio
1347 1201 1462 1243 hanc

174 1268 351 1317 partem
384 1260 471 1301 sibi
522 1258 842 1300 illustrandam
874 1262 1155 1317 susceperint
1175 1293 1186 1310 ‚
1222 1270 1267 1302 et
1298 1263 1345 1302 iu
1394 1264 1465 1303 in—

172 1318 353 1361 finitum
385 1319 717 1377 propemodum
744 1322 956 1361 auxerint
974 1353 984 1370 ‚
1008 1328 1144 1377 atque
1168 1320 1462 1377 perfecerint,

171 1380 275 1421 ideo
303 1412 315 1430 ,
346 1380 586 1421 ordinibus
620 1379 868 1421 Linnaeanis
907 1379 1078 1421 relictiS
1104 1413 1115 1431 ‚
1161 1396 1300 1422 novos
1346 1382 1466 1422 ordi-

171 1454 250 1481 nes
282 1439 421 1495 hujus
454 1438 610 1480 classis
629 1470 640 1489 ,
672 1455 696 1480 a
724 1439 1046 1482 Willdenowio
1078 1441 1284 1491 traditos,
1310 1441 1465 1497 praefe-

174 1500 336 1540 rendos
359 1532 369 1548 ‚
400 1507 445 1540 et
475 1498 754 1540 exhibendos
786 1499 933 1551 duco,
967 1502 1048 1556 qui
1080 1502 1145 1541 ita
1178 1516 1221 1541 se
1257 1501 1438 1543 habent.

238 1574 272 1600 1.
305 1559 623 1615 Gonopterides
653 1567 758 1600 sunt
789 1559 949 1616 plantae
974 1560 1144 1600 donatae
1175 1575 1328 1601 cormo
1358 1576 1463 1602 cau-

171 1616 343 1660 lifonni
370 1650 381 1670 ,
414 1618 605 1675 aphyllo
630 1650 641 1668 ‚
673 1619 919 1661 articulato
953 1651 964 1671 ‚
990 1620 1046 1660 ad
1078 1620 1299 1662 articulos
1338 1624 1467 1679 vagi-

174 1687 280 1719 nato
313 1711 325 1729 ,
353 1687 399 1719 et
422 1681 647 1722 instructo
681 1682 817 1721 ramis
860 1680 1177 1729 verticillatis,
1230 1679 1467 1722 uniformi-

170 1739 289 1789 bus,
329 1742 576 1781 attenuatis
596 1772 606 1782 .
639 1738 948 1781 Fructificatio
980 1749 1046 1783 est
1076 1742 1121 1781 in
1148 1739 1289 1781 clavis
1319 1743 1466 1798 spica-

171 1800 229 1839 tis
254 1832 266 1849 ‚
303 1796 494 1841 floribus
525 1799 909 1857 hermaphroditis
940 1801 1061 1842 intra
1085 1801 1266 1842 indusia
1313 1804 1466 1842 corni-

170 1858 327 1900 culata
358 1860 631 1916 degentibus
657 1893 669 1903 .

230 1933 272 1960 2.
304 1918 693 1976 Staclzyopterides
737 1927 844 1961 sunt·
873 1918 1034 1977 plantae
1070 1920 1261 1977 praeditae
1307 1935 1463 1963 cormo

171 1978 432 2021 cauliformi
464 1979 627 2022 folioso
656 2013 667 2032 ‚
700 1979 772 2022 vel
804 1980 927 2021 nudo
954 2013 964 2031 ,
1018 1994 1217 2038 quarum
1272 1980 1467 2022 fructifi-

171 2041 372 2081 cationes
403 2047 526 2081 stant
556 2042 600 2082 in
632 2040 972 2098 conceptaculis
1003 2041 1341 2098 capsularssms,
1373 2043 1467 2083 sive

172 2098 372 2154 capsulis
404 2099 653 2152 sessilibus,
684 2100 961 2144 axillaribus
989 2134 1000 2152 ,
1033 2100 1107 2143 vel
1140 2103 1326 2159 spicatis
1357 2134 1369 2153 ,
1398 2101 1466 2142 le-

175 2159 308 2199 vibus
326 2190 337 2199 .

236 2220 277 2259 3.
309 2218 620 2276 Poropterides
665 2228 770 2262 sunt
815 2219 976 2278 plantae
1028 2222 1255 2264 instruct-ze
1307 2235 1463 2261 cornio

173 2277 438 2320 ascendente
484 2278 676 2331 foliato,
709 2282 800 2322 sive
845 2280 1004 2322 fronde
1040 2283 1237 2337 primum
1273 2280 1463 2336 degente

174 2340 220 2378 in
242 2340 503 2381 vernatione
523 2342 741 2383 circinata
757 2373 765 2383 .
792 2339 1183 2384 Fructifieationes
1204 2340 1463 2382 inhabitant

1238 2415 1283 2455 Ι7
