1669 2563
1292 136 1375 178 279

195 227 363 273 Ciliata
385 262 396 280 ‚
429 230 534 271 setis
558 225 796 285 parallelis
825 258 836 276 ,
876 225 1218 267 remotiusculis
1246 229 1292 267 in
1338 233 1436 267 toto

148 291 343 347 nargine
375 322 385 331 .

198 349 423 405 Sphzosa,
481 346 685 402 margine
733 352 912 385 armata
961 345 1254 387 acuminibus
1300 346 1439 387 subu-

149 408 245 449 ]atis
269 441 280 458 ,
312 408 470 449 crassis
494 436 505 454 ‚
553 404 712 461 rigidis
731 436 743 454 ,
802 403 1114 462 pungentibus
1145 435 1154 444 .
1204 404 1440 446 Interdum

146 470 272 525 spinae
312 473 417 508 sunt
448 478 633 520 quoque
665 465 711 505 in
741 465 893 504 nervis
924 461 1038 504 disci
1063 494 1073 503 .

162 523 167 525 ¹
201 526 462 583 Spinulosa‚
493 525 874 579 cilium-spinosa,
906 536 1011 562 cum
1042 522 1174 578 spinae
1213 523 1441 579 margina-

141 586 206 628 les
238 592 343 627 sunt
372 593 529 626 tenues
554 616 565 634 ‚
599 584 760 625 breves
787 615 799 633 ,
827 580 1159 624 remotiuseulae
1184 614 1194 623 .

198 644 530 693 Filamentosa,
563 652 698 685 aucta
729 645 775 684 in
807 643 1009 700 margine
1040 639 1128 683 filis
1158 639 1330 698 longis,
1365 639 1444 680 de-

139 704 442 763 pendentibus
467 734 477 744 .

195 763 502 820 Cartilaginea
532 777 558 803 a
590 764 794 822 margine
833 759 1193 818 albo-diaphano
1213 792 1225 811 ‚
1265 759 1380 801 duro
1410 792 1418 800 .

200 822 377 866 Obtusa
395 856 406 875 ,
438 822 567 880 apice
590 823 836 866 rotundata
860 854 871 865 .

198 883 494 941 Emarginata
527 913 539 935 ‚
570 883 771 925 incisura
802 897 966 941 parva,
999 880 1239 922 dirimente
1267 880 1443 937 apicem

139 945 187 984 in
216 959 375 986 crenas
405 943 520 985 duas
548 972 558 982 .
1054 951 1060 956 ·

200 1003 378 1046 Retasa
399 1037 409 1056 ,
445 1005 547 1047 sinu
580 1000 689 1054 levi,
722 1002 906 1053 obtuso,
935 1001 1175 1044 dirimente
1199 1000 1374 1058 apicem
1399 1000 1445 1039 in

146 1063 282 1106 lobos
309 1063 442 1115 duos,
473 1062 597 1105 leves
623 1094 633 1104 .

207 1124 437 1166 Truncata
461 1154 473 1175 ,
505 1121 699 1180 abrupta
720 1153 736 1175 ,
766 1133 1010 1179 praemorsa
1035 1153 1046 1172 ,
1092 1123 1221 1178 apice
1251 1120 1448 1176 abrupte

145 1191 358 1226 truncato
379 1198 546 1226 caesura
580 1191 833 1225 transversa
851 1213 861 1224 .

201 1243 376 1296 Acuta,
409 1248 651 1287 terminata
681 1241 851 1301 angulo
883 1248 1018 1283 acuto
1044 1273 1056 1292 ‚
1087 1241 1221 1283 brevi
1250 1269 1259 1281 .

202 1303 502 1357 Αοιινηίηατα,
534 1305 775 1347 terminata
804 1301 976 1360 angulo
1007 1302 1271 1343 acutissimo
1302 1331 1312 1349 ‚
1349 1313 1450 1358 pro-

147 1363 289 1405 ducto
307 1397 317 1406 .

203 1423 454 1481 Cuspidata
479 1457 490 1476 ,
522 1426 733 1467 acumine
765 1431 959 1471 setaceo,
992 1419 1297 1479 rigidiusculo
1316 1452 1333 1467 .,

205 1483 500 1537 Mac-ronuta,
533 1487 776 1527 terminata
812 1496 1031 1525 mucrone
1064 1481 1210 1531 duro,
1257 1492 1412 1521 crasso
1438 1511 1449 1529 ‚

146 1543 364 1586 subulato
397 1578 409 1597 ‚
441 1547 696 1604 pungenti.

203 1603 382 1646 Cirrosa
412 1608 540 1663 apice
567 1638 578 1648 .

204 1663 370 1716 Nuda,
403 1668 526 1717 setis,
559 1673 606 1708 et
636 1663 745 1722 pilis
775 1663 996 1705 destituta
1019 1694 1029 1704 .

213 1724 412 1777 Glabra,
445 1726 570 1768 nuda
594 1758 606 1776 ,
644 1733 690 1767 et
721 1724 907 1767 lubrica
927 1755 938 1766 .

208 1785 365 1827 Pilosa
383 1817 395 1836 ,
422 1786 713 1843 pubescentia
733 1817 744 1836 ,
779 1784 935 1826 villosa
955 1815 966 1834 ,
1000 1787 1245 1824 tomentosa
1262 1812 1274 1831 ,
1321 1779 1454 1821 larza-

148 1853 198 1886 τα
221 1877 232 1895 ,
263 1848 426 1887 sericea
449 1879 460 1898 ‚
484 1846 603 1889 hirta
621 1878 633 1897 ‚
665 1845 838 1887 hirsuta
864 1876 875 1894 ‚
908 1844 1104 1899 hispida,
1136 1849 1283 1882 setosa
1307 1873 1319 1892 ,
1350 1842 1456 1882 Stri-

148 1919 258 1962 gosa
294 1905 655 1949 declarabuntur
687 1907 735 1946 in
765 1902 962 1946 articulo
995 1904 1050 1945 de
1092 1900 1198 1959 pilis
1223 1933 1232 1942 .

210 1964 377 2010 Nitida
400 2000 411 2018 ,
462 1966 624 2026 glabra
649 1998 660 2017 ‚
689 1973 735 2008 et
784 1963 989 2006 lucentia
1038 1960 1277 2020 superficie
1304 1992 1313 2002 .
1373 1959 1455 2001 His

154 2029 386 2068 contraria
416 2041 562 2084 opaca
586 2060 596 2070 .

211 2085 447 2128 Pellucida
467 2121 478 2139 ‚
511 2086 846 2144 transparentia
876 2092 1036 2126 contra
1064 2081 1221 2124 lucem
1249 2113 1259 2123 .

211 2144 424 2188 Colorata
454 2146 547 2189 alio
579 2146 735 2188 colore
764 2179 776 2197 ,
809 2160 948 2202 quam
978 2144 1149 2186 viridi.

214 2204 425 2248 Nervosa
455 2223 481 2248 a
512 2205 745 2249 fasciculis
793 2206 1059 2247 extantibus
1107 2217 1321 2244 vasorum
1374 2202 1456 2257 qui

155 2275 408 2309 excurrunt
438 2283 464 2309 a
484 2268 581 2310 basi
603 2268 659 2310 ad
692 2268 866 2325 apicem
886 2298 894 2307 .
926 2267 1040 2308 Hinc
1069 2265 1285 2306 dicuntur
1308 2265 1456 2304 ttiner-
