1669 2563
1359 174 1417 227 49

181 270 422 328 disponit.
472 269 751 311 Animalium
796 284 895 312 ossa
938 271 1070 311 initio
1114 271 1269 314 mollia
1312 279 1474 316 sensim

182 334 436 389 sensimque
476 330 781 371 induruerunt
804 361 815 372 .
848 329 1061 373 Plantula
1099 345 1123 370 e
1168 335 1333 373 semine
1374 351 1476 392 ger-

180 393 354 433 minans
377 389 540 431 tenella
561 397 643 439 est,
669 403 772 430 mox
796 390 841 428 in
865 390 1126 446 rigidiorem
1149 389 1343 446 ligneam
1359 409 1476 435 coni-

180 466 339 508 pagem
373 451 649 497 transitura;
684 451 744 490 ita
778 458 830 489 ut
859 464 956 506 qnae
1000 450 1046 489 in
1102 452 1325 506 organicis
1377 469 1475 494 cor—

179 512 368 568 poribus
396 507 608 549 molliora
639 510 946 564 sunt,juniori
970 508 1171 566 polleant
1196 518 1335 551 aetate.
1361 511 1474 553 Hinc

178 571 354 627 lignum
384 583 618 625 nunquam
651 571 811 610 transit
831 571 878 610 in
899 568 1149 610 alburnum
1170 602 1180 619 ‚
1206 570 1281 610 sed
1313 569 1422 611 albu
1434 589 1475 612 1·-

177 644 287 670 num
319 631 364 669 in
386 627 562 684 lignum
585 645 595 677 3
619 643 816 685 cunique
841 638 999 670 cortex
1022 631 1220 671 tenerior
1247 633 1303 672 sit
1328 629 1470 687 ligno,

181 689 309 730 hicce
335 687 583 729 alburnum
617 689 880 745 suppeditat
904 721 913 731 .

233 748 277 804 ξ.
316 747 408 801 164.
442 747 560 790 Sunt
587 781 598 798 ,
631 751 712 805 qui
745 749 965 804 objiciant·
986 782 996 799 ,
1029 748 1127 790 dari
1173 751 1364 790 cortices
1415 748 1475 789 li-

173 822 260 865 gno
293 809 572 850 robustiores
591 840 602 859 ‚
635 809 897 850 durioresve
926 841 936 859 ‚
972 817 1109 866 prout
1139 812 1323 849 corticis
1350 810 1475 850 Tiltae

172 876 256 919 est,
289 882 382 924 quo
416 867 546 910 funes
576 867 709 919 fiunt,
742 877 787 910 et
817 871 1003 910 corticis
1045 869 1234 919 Retrahe,
1289 885 1382 925 quo
1429 878 1473 909 vt

172 927 335 969 domus
365 937 688 986 conteguntur,
721 937 767 969 et
796 930 966 984 cymbae
996 938 1278 970 extruuntur
1303 962 1312 970 .
1346 930 1403 969 At
1429 930 1471 969 id

172 990 354 1029 minime
378 987 427 1029 fit
457 1003 513 1030 ex
548 991 747 1046 partium
770 989 1018 1046 rigiditate,
1041 989 1096 1030 de
1128 1004 1220 1046 qua
1241 1004 1361 1029 nunc
1387 1004 1473 1029 ser-

176 1062 250 1089 mo
282 1055 372 1099 est,
408 1049 483 1090 sed
515 1064 571 1090 ex
602 1049 813 1105 chymica
844 1048 1179 1090 molecularuin
1212 1048 1429 1090 affinitate
1460 1082 1470 1097 ‚

172 1122 265 1164 qua
298 1108 359 1149 hae
391 1111 593 1151 strictius
625 1125 669 1151 se
702 1126 746 1151 se
778 1111 974 1153 retinent
1002 1142 1013 1160 ‚
1045 1118 1090 1151 et
1121 1110 1181 1152 ab
1215 1124 1337 1167 aqua
1363 1142 1372 1160 ,
1401 1110 1472 1151 vel

171 1166 445 1210 humiditate
474 1170 748 1211 abhorrent.

231 1227 275 1283 ς.
316 1228 410 1270 165.
442 1230 668 1286 Quodque
700 1229 810 1271 olim
842 1237 1165 1286 argumentum
1216 1236 1316 1270 erat
1364 1242 1470 1269 con-

171 1294 242 1328 tra
274 1287 595 1345 Malpighium,
631 1289 837 1331 tracheas
885 1304 974 1329 non
1019 1289 1119 1330 dari
1169 1290 1218 1329 in
1262 1290 1431 1329 cortice
1460 1321 1471 1337 ‚

170 1362 286 1403 quas
334 1347 415 1388 ille
454 1357 667 1406 posuerat
698 1351 744 1390 in
772 1348 897 1406 ligno
917 1380 928 1399 ‚
962 1363 1080 1389 nnnc
1111 1357 1269 1389 contra
1299 1348 1356 1389 ad
1379 1363 1473 1388 sen-

170 1409 359 1448 tentiam
393 1408 636 1465 Malpighii
683 1410 922 1450 tutandam
966 1407 1106 1457 facit;
1130 1408 1308 1449 scilicet
1353 1422 1472 1448 coin-

170 1475 351 1522 pertum
383 1476 465 1518 est,
500 1468 705 1509 tracheas
737 1469 888 1509 deesse
910 1469 956 1508 in
988 1468 1227 1509 ordinibus
1258 1483 1471 1509 vasorum

168 1525 559 1582 lyinphaticorum
590 1527 703 1583 ligni
729 1559 740 1577 ‚
773 1535 913 1584 prout
955 1526 1119 1567 desunt
1163 1529 1211 1567 in
1232 1527 1472 1568 ordinibus

169 1600 382 1627 vasorum
417 1586 806 1644 lyinphaticorum
836 1588 1048 1635 corticis,
1081 1601 1245 1643 easque
1277 1587 1333 1627 ab
1364 1588 1472 1626 inte-

170 1647 373 1688 rioribus
407 1646 645 1704 pullulare
669 1679 680 1697 ,
712 1655 759 1688 et
788 1648 911 1687 circa
942 1645 1194 1688 medullam
1246 1655 1470 1703 perpetuo

166 1708 412 1748 consistere
434 1739 444 1749 .

225 1766 270 1822 ξ.
310 1767 403 1810 166.
436 1766 640 1808 Grewius
670 1765 807 1807 aliam
836 1768 1102 1808 sententiam
1135 1773 1359 1822 sequutus
1384 1773 1467 1815 est,

167 1825 447 1885 docuitque,
466 1829 684 1869 corticem
726 1829 771 1867 in
803 1836 953 1884 partes
983 1826 1097 1868 duas
1126 1828 1371 1882 quotannis
1403 1842 1472 1866 se-

169 1887 329 1928 cedere
356 1920 367 1938 ,
415 1903 613 1945 quarum
662 1890 862 1928 exterior
903 1888 1000 1928 abit
1032 1889 1078 1928 in
1111 1888 1255 1927 cutiln
1281 1919 1292 1936 ,
1326 1895 1369 1927 et
1421 1885 1471 1926 fit

166 1949 287 1988 cutis
317 1949 413 2004 ipsa
438 1981 449 1998 ‚
483 1949 670 1989 interior
702 1962 810 1989 vero
841 1946 1027 1988 additur
1080 1946 1235 2003 ligno,
1272 1961 1467 2003 parsque

167 2007 265 2061 ejus
293 2007 518 2049 cellulosa
542 2007 904 2050 additamentum
940 2006 1027 2048 fert
1060 2007 1198 2048 radiis
1228 2006 1467 2048 cellulari-

168 2067 286 2118 bus,
317 2071 398 2125 qui
432 2071 477 2109 in
511 2069 634 2126 ligno
668 2076 808 2119 sunt,
842 2076 888 2108 et
920 2083 1024 2109 vasa
1058 2069 1206 2108 vasis.

231 2127 275 2182 ξ.
315 2129 409 2184 167.
442 2129 567 2170 Hanc
600 2127 767 2170 Grewii
800 2130 1070 2170 sententiam
1101 2125 1322 2184 periculiS
1375 2127 1468 2169 suis

168 2185 475 2231 demonstrare
496 2188 676 2231 studuit
706 2188 959 2243 Hamelius.
986 2188 1104 2229 Nam
1138 2203 1294 2228 zonam
1325 2189 1467 2227 corti-

166 2248 232 2286 cis
290 2254 543 2292 transversa
594 2250 774 2304 trajecit
824 2252 1051 2305 argenteis
1096 2247 1219 2298 filis,
1264 2261 1502 2304 cumquel

167 2317 419 2358 asseveret,
467 2325 510 2351 se
571 2311 794 2366 penitiora
847 2310 935 2352 haeo
984 2308 1059 2350 fila
1114 2309 1295 2351 deinum
1347 2309 1464 2347 intra

1316 2369 1343 2419 4
