<?xml version="1.0" encoding="UTF-8"?>
<!DOCTYPE html PUBLIC "-//W3C//DTD XHTML 1.0 Transitional//EN"
    "http://www.w3.org/TR/xhtml1/DTD/xhtml1-transitional.dtd">
<html xmlns="http://www.w3.org/1999/xhtml" xml:lang="en" lang="en">
 <head>
  <title>
</title>
<meta http-equiv="Content-Type" content="text/html;charset=utf-8" />
  <meta name='ocr-system' content='tesseract 3.04.00' />
  <meta name='ocr-capabilities' content='ocr_page ocr_carea ocr_par ocr_line ocrx_word'/>
</head>
<body>
  <div class='ocr_page' id='page_1' title='image "antoniibertoloni00bert_0271.png"; bbox 0 0 1669 2563; ppageno 0'>
   <div class='ocr_carea' id='block_1_1' title="bbox 1302 191 1386 247">
    <p class='ocr_par' dir='ltr' id='par_1_1' title="bbox 1302 191 1386 247">
     <span class='ocr_line' id='line_1_1' title="bbox 1302 191 1386 247; baseline 0.024 -16"><span class='ocrx_word' id='word_1_1' title='bbox 1302 191 1386 247; x_wconf 85' lang='lat'>259</span> 
     </span>
    </p>
   </div>
   <div class='ocr_carea' id='block_1_2' title="bbox 146 290 1446 1545">
    <p class='ocr_par' dir='ltr' id='par_1_2' title="bbox 157 290 1446 532">
     <span class='ocr_line' id='line_1_2' title="bbox 225 290 1445 351; baseline 0.001 -15"><span class='ocrx_word' id='word_1_2' title='bbox 225 308 295 337; x_wconf 83' lang='lat' dir='ltr'>Io.</span> <span class='ocrx_word' id='word_1_3' title='bbox 327 294 452 351; x_wconf 81' lang='lat' dir='ltr'><em>Algae</em></span> <span class='ocrx_word' id='word_1_4' title='bbox 483 299 587 335; x_wconf 88' lang='lat' dir='ltr'>sunt</span> <span class='ocrx_word' id='word_1_5' title='bbox 618 290 776 348; x_wconf 81' lang='lat' dir='ltr'>plantae</span> <span class='ocrx_word' id='word_1_6' title='bbox 808 292 1024 348; x_wconf 63' lang='lat' dir='ltr'>aquaticae</span> <span class='ocrx_word' id='word_1_7' title='bbox 1046 324 1056 340; x_wconf 83' lang='lat'><em>,</em></span> <span class='ocrx_word' id='word_1_8' title='bbox 1089 292 1445 341; x_wconf 68' lang='lat' dir='ltr'>donatzecormo</span> 
     </span>
     <span class='ocr_line' id='line_1_3' title="bbox 159 349 1446 411; baseline -0.003 -15"><span class='ocrx_word' id='word_1_9' title='bbox 159 354 231 396; x_wconf 90' lang='lat' dir='ltr'>vel</span> <span class='ocrx_word' id='word_1_10' title='bbox 264 369 448 411; x_wconf 87' lang='lat' dir='ltr'>prorsus</span> <span class='ocrx_word' id='word_1_11' title='bbox 478 351 672 393; x_wconf 87' lang='lat' dir='ltr'>foliaceo</span> <span class='ocrx_word' id='word_1_12' title='bbox 695 382 707 400; x_wconf 86' lang='lat'>,</span> <span class='ocrx_word' id='word_1_13' title='bbox 738 349 812 392; x_wconf 88' lang='lat' dir='ltr'>vel</span> <span class='ocrx_word' id='word_1_14' title='bbox 850 349 1107 391; x_wconf 85' lang='lat' dir='ltr'>cauliformi</span> <span class='ocrx_word' id='word_1_15' title='bbox 1137 384 1148 400; x_wconf 92' lang='lat'><strong>‚</strong></span> <span class='ocrx_word' id='word_1_16' title='bbox 1182 354 1303 394; x_wconf 79' lang='lat' dir='ltr'>nudo</span> <span class='ocrx_word' id='word_1_17' title='bbox 1330 387 1341 404; x_wconf 88' lang='lat'><strong>,</strong></span> <span class='ocrx_word' id='word_1_18' title='bbox 1367 363 1446 395; x_wconf 85' lang='lat' dir='ltr'>aut</span> 
     </span>
     <span class='ocr_line' id='line_1_4' title="bbox 157 408 1446 470; baseline 0 -14"><span class='ocrx_word' id='word_1_19' title='bbox 157 413 322 455; x_wconf 84' lang='lat' dir='ltr'>folioso</span> <span class='ocrx_word' id='word_1_20' title='bbox 348 445 359 463; x_wconf 86' lang='lat'><strong><em>‚</em></strong></span> <span class='ocrx_word' id='word_1_21' title='bbox 390 425 585 469; x_wconf 87' lang='lat' dir='ltr'>quarum</span> <span class='ocrx_word' id='word_1_22' title='bbox 639 408 1010 451; x_wconf 82' lang='lat' dir='ltr'>fructificationes</span> <span class='ocrx_word' id='word_1_23' title='bbox 1041 418 1158 452; x_wconf 80' lang='lat' dir='ltr'>stant</span> <span class='ocrx_word' id='word_1_24' title='bbox 1189 413 1234 452; x_wconf 87' lang='lat' dir='ltr'>in</span> <span class='ocrx_word' id='word_1_25' title='bbox 1266 428 1446 470; x_wconf 81' lang='lat' dir='ltr'>sporan-</span> 
     </span>
     <span class='ocr_line' id='line_1_5' title="bbox 157 469 1178 532; baseline -0.003 -18"><span class='ocrx_word' id='word_1_26' title='bbox 157 476 245 532; x_wconf 80' lang='lat' dir='ltr'>giis</span> <span class='ocrx_word' id='word_1_27' title='bbox 275 475 398 513; x_wconf 91' lang='lat' dir='ltr'>intus</span> <span class='ocrx_word' id='word_1_28' title='bbox 428 471 625 511; x_wconf 78' lang='lat' dir='ltr'>mucosis</span> <span class='ocrx_word' id='word_1_29' title='bbox 647 502 659 520; x_wconf 92' lang='lat'>‚</span> <span class='ocrx_word' id='word_1_30' title='bbox 693 484 781 510; x_wconf 91' lang='lat' dir='ltr'>non</span> <span class='ocrx_word' id='word_1_31' title='bbox 814 469 1178 511; x_wconf 79' lang='lat' dir='ltr'><strong>dehiscentibus.</strong></span> 
     </span>
    </p>

    <p class='ocr_par' dir='ltr' id='par_1_3' title="bbox 155 528 1445 706">
     <span class='ocr_line' id='line_1_6' title="bbox 222 528 1445 586; baseline -0.002 -12"><span class='ocrx_word' id='word_1_32' title='bbox 222 548 236 574; x_wconf 74' lang='lat' dir='ltr'>i</span> <span class='ocrx_word' id='word_1_33' title='bbox 252 547 292 574; x_wconf 89' lang='lat'>1.</span> <span class='ocrx_word' id='word_1_34' title='bbox 319 529 531 572; x_wconf 80' lang='lat' dir='ltr'>Lichenes</span> <span class='ocrx_word' id='word_1_35' title='bbox 561 536 665 571; x_wconf 84' lang='lat' dir='ltr'>sunt</span> <span class='ocrx_word' id='word_1_36' title='bbox 697 528 856 586; x_wconf 83' lang='lat' dir='ltr'>plantae</span> <span class='ocrx_word' id='word_1_37' title='bbox 881 528 1107 579; x_wconf 67' lang='lat' dir='ltr'>redivivae,</span> <span class='ocrx_word' id='word_1_38' title='bbox 1129 544 1325 586; x_wconf 81' lang='lat' dir='ltr'>quarum</span> <span class='ocrx_word' id='word_1_39' title='bbox 1349 545 1445 572; x_wconf 86' lang='lat' dir='ltr'>cor-</span> 
     </span>
     <span class='ocr_line' id='line_1_7' title="bbox 156 588 1445 647; baseline -0.001 -15"><span class='ocrx_word' id='word_1_40' title='bbox 156 606 256 633; x_wconf 88' lang='lat' dir='ltr'>mus</span> <span class='ocrx_word' id='word_1_41' title='bbox 286 590 555 647; x_wconf 86' lang='lat' dir='ltr'>plerumque</span> <span class='ocrx_word' id='word_1_42' title='bbox 603 603 826 630; x_wconf 82' lang='lat' dir='ltr'>exsuccus</span> <span class='ocrx_word' id='word_1_43' title='bbox 845 620 857 639; x_wconf 90' lang='lat'>,</span> <span class='ocrx_word' id='word_1_44' title='bbox 888 603 1113 645; x_wconf 85' lang='lat' dir='ltr'>expansus</span> <span class='ocrx_word' id='word_1_45' title='bbox 1137 621 1148 640; x_wconf 85' lang='lat'>,</span> <span class='ocrx_word' id='word_1_46' title='bbox 1179 588 1251 630; x_wconf 84' lang='lat' dir='ltr'>vel</span> <span class='ocrx_word' id='word_1_47' title='bbox 1296 604 1445 632; x_wconf 83' lang='lat' dir='ltr'>ramo-</span> 
     </span>
     <span class='ocr_line' id='line_1_8' title="bbox 155 648 1146 706; baseline -0.003 -14"><span class='ocrx_word' id='word_1_48' title='bbox 155 666 230 693; x_wconf 89' lang='lat' dir='ltr'>sus</span> <span class='ocrx_word' id='word_1_49' title='bbox 259 649 348 692; x_wconf 85' lang='lat' dir='ltr'>fert</span> <span class='ocrx_word' id='word_1_50' title='bbox 378 648 751 690; x_wconf 86' lang='lat' dir='ltr'>fructificationes</span> <span class='ocrx_word' id='word_1_51' title='bbox 785 650 831 689; x_wconf 91' lang='lat' dir='ltr'>in</span> <span class='ocrx_word' id='word_1_52' title='bbox 863 648 1113 706; x_wconf 84' lang='lat' dir='ltr'>apotheciis</span> <span class='ocrx_word' id='word_1_53' title='bbox 1137 680 1146 689; x_wconf 91' lang='lat'><em>.</em></span> 
     </span>
    </p>

    <p class='ocr_par' dir='ltr' id='par_1_4' title="bbox 150 707 1444 945">
     <span class='ocr_line' id='line_1_9' title="bbox 217 707 1443 766; baseline 0 -16"><span class='ocrx_word' id='word_1_54' title='bbox 217 723 281 750; x_wconf 87' lang='lat'>12.</span> <span class='ocrx_word' id='word_1_55' title='bbox 314 708 536 765; x_wconf 82' lang='lat' dir='ltr'>Xylomici</span> <span class='ocrx_word' id='word_1_56' title='bbox 570 716 676 751; x_wconf 85' lang='lat' dir='ltr'>sunt</span> <span class='ocrx_word' id='word_1_57' title='bbox 718 708 879 766; x_wconf 86' lang='lat' dir='ltr'>plantae</span> <span class='ocrx_word' id='word_1_58' title='bbox 925 707 1264 765; x_wconf 67' lang='lat' dir='ltr'>simplicissimae</span> <span class='ocrx_word' id='word_1_59' title='bbox 1318 707 1443 750; x_wconf 79' lang='lat' dir='ltr'>factae</span> 
     </span>
     <span class='ocr_line' id='line_1_10' title="bbox 151 767 1443 826; baseline -0.001 -17"><span class='ocrx_word' id='word_1_60' title='bbox 151 782 304 809; x_wconf 85' lang='lat' dir='ltr'>cormo</span> <span class='ocrx_word' id='word_1_61' title='bbox 348 776 540 825; x_wconf 84' lang='lat' dir='ltr'>stuppeo</span> <span class='ocrx_word' id='word_1_62' title='bbox 565 800 576 818; x_wconf 89' lang='lat'>‚</span> <span class='ocrx_word' id='word_1_63' title='bbox 611 768 894 826; x_wconf 85' lang='lat' dir='ltr'>irregulari,</span> <span class='ocrx_word' id='word_1_64' title='bbox 933 769 979 809; x_wconf 90' lang='lat' dir='ltr'>in</span> <span class='ocrx_word' id='word_1_65' title='bbox 1022 783 1114 824; x_wconf 86' lang='lat' dir='ltr'>quo</span> <span class='ocrx_word' id='word_1_66' title='bbox 1159 767 1443 825; x_wconf 73' lang='lat' dir='ltr'>sepeliuntur</span> 
     </span>
     <span class='ocr_line' id='line_1_11' title="bbox 150 827 1444 886; baseline 0 -17"><span class='ocrx_word' id='word_1_67' title='bbox 150 827 525 870; x_wconf 85' lang='lat' dir='ltr'>fructificationes</span> <span class='ocrx_word' id='word_1_68' title='bbox 555 827 680 870; x_wconf 87' lang='lat' dir='ltr'>factae</span> <span class='ocrx_word' id='word_1_69' title='bbox 724 827 994 885; x_wconf 78' lang='lat' dir='ltr'>sphaerulis,</span> <span class='ocrx_word' id='word_1_70' title='bbox 1047 830 1138 870; x_wconf 88' lang='lat' dir='ltr'>sive</span> <span class='ocrx_word' id='word_1_71' title='bbox 1192 831 1444 886; x_wconf 75' lang='lat' dir='ltr'>sporangiis</span> 
     </span>
     <span class='ocr_line' id='line_1_12' title="bbox 153 890 781 945; baseline 0.002 -16"><span class='ocrx_word' id='word_1_72' title='bbox 153 890 323 945; x_wconf 86' lang='lat' dir='ltr'>apertis</span> <span class='ocrx_word' id='word_1_73' title='bbox 349 921 360 939; x_wconf 89' lang='lat'><strong>,</strong></span> <span class='ocrx_word' id='word_1_74' title='bbox 392 891 517 930; x_wconf 88' lang='lat' dir='ltr'>intus</span> <span class='ocrx_word' id='word_1_75' title='bbox 550 890 748 929; x_wconf 85' lang='lat' dir='ltr'>mucosis</span> <span class='ocrx_word' id='word_1_76' title='bbox 771 920 781 930; x_wconf 93' lang='lat'><strong>.</strong></span> 
     </span>
    </p>

    <p class='ocr_par' dir='ltr' id='par_1_5' title="bbox 149 945 1442 1124">
     <span class='ocr_line' id='line_1_13' title="bbox 214 945 1440 1006; baseline -0.002 -16"><span class='ocrx_word' id='word_1_77' title='bbox 214 950 281 990; x_wconf 85' lang='lat'>13.</span> <span class='ocrx_word' id='word_1_78' title='bbox 316 948 466 1003; x_wconf 79' lang='lat' dir='ltr'>Fungi</span> <span class='ocrx_word' id='word_1_79' title='bbox 497 956 602 990; x_wconf 89' lang='lat' dir='ltr'>sunt</span> <span class='ocrx_word' id='word_1_80' title='bbox 632 946 907 1006; x_wconf 82' lang='lat' dir='ltr'>vegetabilia</span> <span class='ocrx_word' id='word_1_81' title='bbox 938 945 1273 1004; x_wconf 82' lang='lat' dir='ltr'>simplicissima</span> <span class='ocrx_word' id='word_1_82' title='bbox 1307 979 1319 998; x_wconf 84' lang='lat'><em>,</em></span> <span class='ocrx_word' id='word_1_83' title='bbox 1350 947 1440 989; x_wconf 89' lang='lat' dir='ltr'>cel-</span> 
     </span>
     <span class='ocr_line' id='line_1_14' title="bbox 149 1005 1442 1066; baseline 0.002 -19"><span class='ocrx_word' id='word_1_84' title='bbox 149 1005 301 1050; x_wconf 86' lang='lat' dir='ltr'>lulosa</span> <span class='ocrx_word' id='word_1_85' title='bbox 319 1039 332 1060; x_wconf 85' lang='lat'>‚</span> <span class='ocrx_word' id='word_1_86' title='bbox 365 1007 669 1065; x_wconf 87' lang='lat' dir='ltr'>polymorpha</span> <span class='ocrx_word' id='word_1_87' title='bbox 687 1040 698 1059; x_wconf 88' lang='lat'>‚</span> <span class='ocrx_word' id='word_1_88' title='bbox 731 1007 1054 1064; x_wconf 77' lang='lat' dir='ltr'>corruptibilia</span> <span class='ocrx_word' id='word_1_89' title='bbox 1079 1040 1089 1059; x_wconf 91' lang='lat'><em>,</em></span> <span class='ocrx_word' id='word_1_90' title='bbox 1118 1010 1339 1049; x_wconf 86' lang='lat' dir='ltr'>instructa</span> <span class='ocrx_word' id='word_1_91' title='bbox 1370 1011 1442 1066; x_wconf 88' lang='lat' dir='ltr'>pi-</span> 
     </span>
     <span class='ocr_line' id='line_1_15' title="bbox 152 1065 1098 1124; baseline 0.001 -16"><span class='ocrx_word' id='word_1_92' title='bbox 152 1065 225 1109; x_wconf 92' lang='lat' dir='ltr'>leo</span> <span class='ocrx_word' id='word_1_93' title='bbox 258 1067 429 1109; x_wconf 89' lang='lat' dir='ltr'>ferente</span> <span class='ocrx_word' id='word_1_94' title='bbox 461 1068 728 1123; x_wconf 77' lang='lat' dir='ltr'>hymeniuin</span> <span class='ocrx_word' id='word_1_95' title='bbox 761 1066 1063 1124; x_wconf 82' lang='lat' dir='ltr'>fructigerum</span> <span class='ocrx_word' id='word_1_96' title='bbox 1089 1099 1098 1109; x_wconf 92' lang='lat'><strong>.</strong></span> 
     </span>
    </p>

    <p class='ocr_par' dir='ltr' id='par_1_6' title="bbox 148 1125 1441 1303">
     <span class='ocr_line' id='line_1_16' title="bbox 214 1125 1440 1184; baseline -0.001 -16"><span class='ocrx_word' id='word_1_97' title='bbox 214 1130 280 1181; x_wconf 73' lang='lat'>14.</span> <span class='ocrx_word' id='word_1_98' title='bbox 327 1127 626 1184; x_wconf 73' lang='lat' dir='ltr'>Gasteromyci</span> <span class='ocrx_word' id='word_1_99' title='bbox 685 1135 789 1168; x_wconf 88' lang='lat' dir='ltr'>sunt</span> <span class='ocrx_word' id='word_1_100' title='bbox 850 1126 1125 1184; x_wconf 78' lang='lat' dir='ltr'>vegetabilia</span> <span class='ocrx_word' id='word_1_101' title='bbox 1178 1125 1402 1168; x_wconf 86' lang='lat' dir='ltr'>cellulosa</span> <span class='ocrx_word' id='word_1_102' title='bbox 1428 1160 1440 1177; x_wconf 93' lang='lat'>‚</span> 
     </span>
     <span class='ocr_line' id='line_1_17' title="bbox 148 1186 1441 1244; baseline 0.001 -17"><span class='ocrx_word' id='word_1_103' title='bbox 148 1187 483 1244; x_wconf 85' lang='lat' dir='ltr'>simplicissima</span> <span class='ocrx_word' id='word_1_104' title='bbox 498 1221 508 1237; x_wconf 94' lang='lat'>,</span> <span class='ocrx_word' id='word_1_105' title='bbox 526 1186 866 1244; x_wconf 81' lang='lat' dir='ltr'>corruptibilia,</span> <span class='ocrx_word' id='word_1_106' title='bbox 888 1201 1041 1228; x_wconf 77' lang='lat' dir='ltr'>cosmo</span> <span class='ocrx_word' id='word_1_107' title='bbox 1064 1195 1240 1228; x_wconf 85' lang='lat' dir='ltr'>saccato</span> <span class='ocrx_word' id='word_1_108' title='bbox 1264 1195 1441 1229; x_wconf 83' lang='lat' dir='ltr'>tantum</span> 
     </span>
     <span class='ocr_line' id='line_1_18' title="bbox 148 1245 1441 1303; baseline 0.002 -16"><span class='ocrx_word' id='word_1_109' title='bbox 148 1245 267 1288; x_wconf 89' lang='lat' dir='ltr'>facta</span> <span class='ocrx_word' id='word_1_110' title='bbox 292 1280 304 1299; x_wconf 84' lang='lat'>,</span> <span class='ocrx_word' id='word_1_111' title='bbox 335 1255 380 1289; x_wconf 87' lang='lat' dir='ltr'>et</span> <span class='ocrx_word' id='word_1_112' title='bbox 410 1250 529 1289; x_wconf 88' lang='lat' dir='ltr'>intra</span> <span class='ocrx_word' id='word_1_113' title='bbox 560 1262 739 1288; x_wconf 86' lang='lat' dir='ltr'>saccum</span> <span class='ocrx_word' id='word_1_114' title='bbox 771 1246 1199 1288; x_wconf 83' lang='lat' dir='ltr'>fructificationibus</span> <span class='ocrx_word' id='word_1_115' title='bbox 1230 1246 1402 1303; x_wconf 82' lang='lat' dir='ltr'>repleta</span> <span class='ocrx_word' id='word_1_116' title='bbox 1430 1279 1441 1290; x_wconf 85' lang='lat'><strong><em>.</em></strong></span> 
     </span>
    </p>

    <p class='ocr_par' dir='ltr' id='par_1_7' title="bbox 146 1305 1442 1545">
     <span class='ocr_line' id='line_1_19' title="bbox 214 1305 1442 1365; baseline -0.002 -17"><span class='ocrx_word' id='word_1_117' title='bbox 214 1305 449 1365; x_wconf 36' lang='lat' dir='ltr'>15.*Byssi</span> <span class='ocrx_word' id='word_1_118' title='bbox 478 1306 632 1349; x_wconf 86' lang='lat' dir='ltr'>ultimi</span> <span class='ocrx_word' id='word_1_119' title='bbox 665 1310 790 1364; x_wconf 75' lang='lat' dir='ltr'>regni</span> <span class='ocrx_word' id='word_1_120' title='bbox 843 1306 1112 1364; x_wconf 78' lang='lat' dir='ltr'>vegetabilis</span> <span class='ocrx_word' id='word_1_121' title='bbox 1138 1339 1150 1357; x_wconf 89' lang='lat'>‚</span> <span class='ocrx_word' id='word_1_122' title='bbox 1197 1306 1442 1363; x_wconf 80' lang='lat' dir='ltr'>simplicis-</span> 
     </span>
     <span class='ocr_line' id='line_1_20' title="bbox 148 1365 1440 1423; baseline -0.002 -15"><span class='ocrx_word' id='word_1_123' title='bbox 148 1368 250 1408; x_wconf 84' lang='lat' dir='ltr'>simi</span> <span class='ocrx_word' id='word_1_124' title='bbox 284 1369 486 1409; x_wconf 84' lang='lat' dir='ltr'>omnium</span> <span class='ocrx_word' id='word_1_125' title='bbox 513 1375 720 1408; x_wconf 85' lang='lat' dir='ltr'>constant</span> <span class='ocrx_word' id='word_1_126' title='bbox 750 1382 904 1408; x_wconf 73' lang='lat' dir='ltr'>cornio</span> <span class='ocrx_word' id='word_1_127' title='bbox 934 1365 1134 1408; x_wconf 86' lang='lat' dir='ltr'>filiformi</span> <span class='ocrx_word' id='word_1_128' title='bbox 1164 1399 1174 1417; x_wconf 85' lang='lat'>‚</span> <span class='ocrx_word' id='word_1_129' title='bbox 1209 1370 1440 1423; x_wconf 79' lang='lat' dir='ltr'>praetenui,</span> 
     </span>
     <span class='ocr_line' id='line_1_21' title="bbox 147 1425 1442 1485; baseline 0.001 -19"><span class='ocrx_word' id='word_1_130' title='bbox 147 1425 266 1468; x_wconf 82' lang='lat' dir='ltr'>forte</span> <span class='ocrx_word' id='word_1_131' title='bbox 298 1429 344 1468; x_wconf 92' lang='lat' dir='ltr'>in</span> <span class='ocrx_word' id='word_1_132' title='bbox 390 1425 628 1485; x_wconf 87' lang='lat' dir='ltr'>superficie</span> <span class='ocrx_word' id='word_1_133' title='bbox 679 1426 930 1485; x_wconf 80' lang='lat' dir='ltr'>fructigero</span> <span class='ocrx_word' id='word_1_134' title='bbox 957 1459 970 1480; x_wconf 86' lang='lat'>‚</span> <span class='ocrx_word' id='word_1_135' title='bbox 1021 1427 1097 1469; x_wconf 82' lang='lat' dir='ltr'>sed</span> <span class='ocrx_word' id='word_1_136' title='bbox 1133 1426 1442 1469; x_wconf 73' lang='lat' dir='ltr'>fructificatio-</span> 
     </span>
     <span class='ocr_line' id='line_1_22' title="bbox 146 1487 834 1545; baseline 0.003 -18"><span class='ocrx_word' id='word_1_137' title='bbox 146 1501 224 1528; x_wconf 87' lang='lat' dir='ltr'>nes</span> <span class='ocrx_word' id='word_1_138' title='bbox 254 1501 414 1529; x_wconf 86' lang='lat' dir='ltr'>eorum</span> <span class='ocrx_word' id='word_1_139' title='bbox 453 1487 605 1529; x_wconf 90' lang='lat' dir='ltr'>adhuc</span> <span class='ocrx_word' id='word_1_140' title='bbox 635 1488 794 1545; x_wconf 83' lang='lat' dir='ltr'>ignotae</span> <span class='ocrx_word' id='word_1_141' title='bbox 823 1519 834 1529; x_wconf 91' lang='lat'><strong>.</strong></span> 
     </span>
    </p>
   </div>
   <div class='ocr_carea' id='block_1_3' title="bbox 443 1604 1139 1655">
    <p class='ocr_par' dir='ltr' id='par_1_8' title="bbox 443 1604 1139 1655">
     <span class='ocr_line' id='line_1_23' title="bbox 443 1604 1139 1655; baseline -0.001 -6"><span class='ocrx_word' id='word_1_142' title='bbox 443 1605 642 1650; x_wconf 79' lang='lat' dir='ltr'>Familc‘ae</span> <span class='ocrx_word' id='word_1_143' title='bbox 673 1606 897 1649; x_wconf 78' lang='lat' dir='ltr'>naturales</span> <span class='ocrx_word' id='word_1_144' title='bbox 927 1604 1107 1655; x_wconf 78' lang='lat' dir='ltr'>Jussiaei</span> <span class='ocrx_word' id='word_1_145' title='bbox 1128 1638 1139 1648; x_wconf 87' lang='lat'><strong>.</strong></span> 
     </span>
    </p>
   </div>
   <div class='ocr_carea' id='block_1_4' title="bbox 144 1724 1444 2322">
    <p class='ocr_par' dir='ltr' id='par_1_9' title="bbox 144 1724 1444 2322">
     <span class='ocr_line' id='line_1_24' title="bbox 201 1724 1441 1784; baseline 0.002 -18"><span class='ocrx_word' id='word_1_146' title='bbox 201 1724 252 1782; x_wconf 83' lang='lat'>§.</span> <span class='ocrx_word' id='word_1_147' title='bbox 289 1727 383 1780; x_wconf 76' lang='grc'><strong>145.</strong></span> <span class='ocrx_word' id='word_1_148' title='bbox 416 1725 626 1768; x_wconf 82' lang='lat' dir='ltr'>Linnaeus</span> <span class='ocrx_word' id='word_1_149' title='bbox 658 1733 947 1784; x_wconf 66' lang='lat' dir='ltr'>praesenserat</span> <span class='ocrx_word' id='word_1_150' title='bbox 977 1740 1185 1782; x_wconf 81' lang='lat' dir='ltr'>magnam</span> <span class='ocrx_word' id='word_1_151' title='bbox 1217 1726 1310 1767; x_wconf 85' lang='lat' dir='ltr'>vim</span> <span class='ocrx_word' id='word_1_152' title='bbox 1365 1742 1441 1768; x_wconf 90' lang='lat' dir='ltr'>or-</span> 
     </span>
     <span class='ocr_line' id='line_1_25' title="bbox 145 1785 1443 1844; baseline 0.002 -19"><span class='ocrx_word' id='word_1_153' title='bbox 145 1785 305 1826; x_wconf 87' lang='lat' dir='ltr'>dinum</span> <span class='ocrx_word' id='word_1_154' title='bbox 336 1785 620 1828; x_wconf 82' lang='lat' dir='ltr'>naturalium</span> <span class='ocrx_word' id='word_1_155' title='bbox 640 1818 652 1836; x_wconf 94' lang='lat'>‚</span> <span class='ocrx_word' id='word_1_156' title='bbox 683 1801 934 1842; x_wconf 86' lang='lat' dir='ltr'>eorumque</span> <span class='ocrx_word' id='word_1_157' title='bbox 965 1785 1216 1843; x_wconf 82' lang='lat' dir='ltr'>fragmenta</span> <span class='ocrx_word' id='word_1_158' title='bbox 1248 1786 1443 1844; x_wconf 82' lang='lat' dir='ltr'>evulga—</span> 
     </span>
     <span class='ocr_line' id='line_1_26' title="bbox 146 1845 1438 1904; baseline 0.002 -18"><span class='ocrx_word' id='word_1_159' title='bbox 146 1854 272 1886; x_wconf 86' lang='lat' dir='ltr'>verat</span> <span class='ocrx_word' id='word_1_160' title='bbox 294 1878 304 1888; x_wconf 84' lang='lat'><strong>.</strong></span> <span class='ocrx_word' id='word_1_161' title='bbox 333 1845 505 1887; x_wconf 85' lang='lat' dir='ltr'>Verum</span> <span class='ocrx_word' id='word_1_162' title='bbox 539 1854 691 1904; x_wconf 85' lang='lat' dir='ltr'>sparta</span> <span class='ocrx_word' id='word_1_163' title='bbox 722 1846 811 1887; x_wconf 82' lang='lat' dir='ltr'>haec</span> <span class='ocrx_word' id='word_1_164' title='bbox 850 1848 996 1904; x_wconf 78' lang='lat' dir='ltr'>gentis</span> <span class='ocrx_word' id='word_1_165' title='bbox 1043 1860 1277 1903; x_wconf 84' lang='lat' dir='ltr'>nunquam</span> <span class='ocrx_word' id='word_1_166' title='bbox 1329 1849 1438 1888; x_wconf 84' lang='lat' dir='ltr'>satis</span> 
     </span>
     <span class='ocr_line' id='line_1_27' title="bbox 147 1904 1439 1956; baseline 0.002 -11"><span class='ocrx_word' id='word_1_167' title='bbox 147 1904 379 1947; x_wconf 85' lang='lat' dir='ltr'>laudandae</span> <span class='ocrx_word' id='word_1_168' title='bbox 409 1907 698 1955; x_wconf 84' lang='lat' dir='ltr'>Jussiaeorum</span> <span class='ocrx_word' id='word_1_169' title='bbox 731 1908 912 1947; x_wconf 90' lang='lat' dir='ltr'>omnino</span> <span class='ocrx_word' id='word_1_170' title='bbox 946 1905 1060 1956; x_wconf 82' lang='lat' dir='ltr'>fuit,</span> <span class='ocrx_word' id='word_1_171' title='bbox 1093 1913 1137 1946; x_wconf 89' lang='lat' dir='ltr'>et</span> <span class='ocrx_word' id='word_1_172' title='bbox 1167 1906 1316 1948; x_wconf 84' lang='lat' dir='ltr'>adhuc</span> <span class='ocrx_word' id='word_1_173' title='bbox 1343 1915 1439 1956; x_wconf 88' lang='lat' dir='ltr'>est,</span> 
     </span>
     <span class='ocr_line' id='line_1_28' title="bbox 144 1965 1441 2023; baseline 0.002 -18"><span class='ocrx_word' id='word_1_174' title='bbox 144 1965 278 2020; x_wconf 86' lang='lat' dir='ltr'>cujus</span> <span class='ocrx_word' id='word_1_175' title='bbox 314 1965 497 2008; x_wconf 86' lang='lat' dir='ltr'>solertia</span> <span class='ocrx_word' id='word_1_176' title='bbox 520 1999 533 2018; x_wconf 87' lang='lat'><strong>,</strong></span> <span class='ocrx_word' id='word_1_177' title='bbox 570 1968 779 2007; x_wconf 84' lang='lat' dir='ltr'>acumine</span> <span class='ocrx_word' id='word_1_178' title='bbox 803 1998 813 2016; x_wconf 93' lang='lat'>‚</span> <span class='ocrx_word' id='word_1_179' title='bbox 847 1974 892 2013; x_wconf 81' lang='lat' dir='ltr'>et</span> <span class='ocrx_word' id='word_1_180' title='bbox 929 1967 1353 2023; x_wconf 78' lang='lat' dir='ltr'>investigationibus</span> <span class='ocrx_word' id='word_1_181' title='bbox 1384 1967 1441 2009; x_wconf 83' lang='lat' dir='ltr'>ad</span> 
     </span>
     <span class='ocr_line' id='line_1_29' title="bbox 148 2025 1444 2084; baseline 0.003 -20"><span class='ocrx_word' id='word_1_182' title='bbox 148 2026 302 2081; x_wconf 80' lang='lat' dir='ltr'>ingens</span> <span class='ocrx_word' id='word_1_183' title='bbox 324 2028 531 2082; x_wconf 79' lang='lat' dir='ltr'>pervenit·</span> <span class='ocrx_word' id='word_1_184' title='bbox 552 2025 842 2084; x_wconf 80' lang='lat' dir='ltr'>perfectionis</span> <span class='ocrx_word' id='word_1_185' title='bbox 862 2025 1096 2084; x_wconf 85' lang='lat' dir='ltr'>fastigium</span> <span class='ocrx_word' id='word_1_186' title='bbox 1120 2059 1130 2068; x_wconf 85' lang='lat'><strong><em>.</em></strong></span> <span class='ocrx_word' id='word_1_187' title='bbox 1158 2027 1305 2083; x_wconf 79' lang='lat' dir='ltr'>Igitur</span> <span class='ocrx_word' id='word_1_188' title='bbox 1321 2029 1444 2084; x_wconf 81' lang='lat' dir='ltr'>quis-</span> 
     </span>
     <span class='ocr_line' id='line_1_30' title="bbox 146 2085 1442 2143; baseline 0.002 -17"><span class='ocrx_word' id='word_1_189' title='bbox 146 2099 236 2141; x_wconf 88' lang='lat' dir='ltr'>que</span> <span class='ocrx_word' id='word_1_190' title='bbox 267 2085 378 2126; x_wconf 88' lang='lat' dir='ltr'>ordo</span> <span class='ocrx_word' id='word_1_191' title='bbox 397 2118 409 2137; x_wconf 91' lang='lat'>,</span> <span class='ocrx_word' id='word_1_192' title='bbox 441 2088 532 2128; x_wconf 84' lang='lat' dir='ltr'>sive</span> <span class='ocrx_word' id='word_1_193' title='bbox 558 2086 733 2128; x_wconf 87' lang='lat' dir='ltr'>familia</span> <span class='ocrx_word' id='word_1_194' title='bbox 762 2086 985 2128; x_wconf 87' lang='lat' dir='ltr'>naturalis</span> <span class='ocrx_word' id='word_1_195' title='bbox 1014 2087 1360 2143; x_wconf 83' lang='lat' dir='ltr'>comprehendit</span> <span class='ocrx_word' id='word_1_196' title='bbox 1389 2103 1442 2129; x_wconf 87' lang='lat' dir='ltr'>ea</span> 
     </span>
     <span class='ocr_line' id='line_1_31' title="bbox 148 2146 1443 2204; baseline 0.003 -20"><span class='ocrx_word' id='word_1_197' title='bbox 148 2159 311 2201; x_wconf 81' lang='lat' dir='ltr'>genera</span> <span class='ocrx_word' id='word_1_198' title='bbox 336 2176 347 2195; x_wconf 93' lang='lat'><strong><em>‚</em></strong></span> <span class='ocrx_word' id='word_1_199' title='bbox 380 2161 476 2202; x_wconf 86' lang='lat' dir='ltr'>quae</span> <span class='ocrx_word' id='word_1_200' title='bbox 520 2147 679 2188; x_wconf 89' lang='lat' dir='ltr'>iisdem</span> <span class='ocrx_word' id='word_1_201' title='bbox 728 2146 1075 2204; x_wconf 80' lang='lat' dir='ltr'>distinguuntur</span> <span class='ocrx_word' id='word_1_202' title='bbox 1100 2148 1443 2189; x_wconf 82' lang='lat' dir='ltr'>characteribus</span> 
     </span>
     <span class='ocr_line' id='line_1_32' title="bbox 147 2203 1440 2263; baseline 0.001 -18"><span class='ocrx_word' id='word_1_203' title='bbox 147 2208 194 2245; x_wconf 86' lang='lat' dir='ltr'>in</span> <span class='ocrx_word' id='word_1_204' title='bbox 245 2203 459 2260; x_wconf 85' lang='lat' dir='ltr'>pluribus</span> <span class='ocrx_word' id='word_1_205' title='bbox 484 2238 495 2256; x_wconf 93' lang='lat'>‚</span> <span class='ocrx_word' id='word_1_206' title='bbox 547 2215 591 2248; x_wconf 83' lang='lat' dir='ltr'>et</span> <span class='ocrx_word' id='word_1_207' title='bbox 640 2208 1029 2263; x_wconf 80' lang='lat' dir='ltr'>praestantioribus</span> <span class='ocrx_word' id='word_1_208' title='bbox 1077 2206 1440 2247; x_wconf 83' lang='lat' dir='ltr'>fructificationis</span> 
     </span>
     <span class='ocr_line' id='line_1_33' title="bbox 148 2264 1439 2322; baseline 0.002 -19"><span class='ocrx_word' id='word_1_209' title='bbox 148 2264 388 2320; x_wconf 81' lang='lat' dir='ltr'>partibus3</span> <span class='ocrx_word' id='word_1_210' title='bbox 419 2280 560 2322; x_wconf 87' lang='lat' dir='ltr'>quare</span> <span class='ocrx_word' id='word_1_211' title='bbox 584 2280 787 2308; x_wconf 79' lang='lat' dir='ltr'>suminus</span> <span class='ocrx_word' id='word_1_212' title='bbox 817 2265 895 2306; x_wconf 90' lang='lat' dir='ltr'>ille</span> <span class='ocrx_word' id='word_1_213' title='bbox 922 2266 1195 2307; x_wconf 81' lang='lat' dir='ltr'>Laurentius</span> <span class='ocrx_word' id='word_1_214' title='bbox 1217 2268 1439 2310; x_wconf 81' lang='lat' dir='ltr'>Antonius</span> 
     </span>
    </p>
   </div>
   <div class='ocr_carea' id='block_1_5' title="bbox 148 2325 1436 2384">
    <p class='ocr_par' dir='ltr' id='par_1_10' title="bbox 148 2325 1436 2384">
     <span class='ocr_line' id='line_1_34' title="bbox 148 2325 1436 2384; baseline 0.001 -19"><span class='ocrx_word' id='word_1_215' title='bbox 148 2325 358 2383; x_wconf 81' lang='lat' dir='ltr'>Jussiaeus</span> <span class='ocrx_word' id='word_1_216' title='bbox 387 2332 432 2367; x_wconf 85' lang='lat' dir='ltr'>et</span> <span class='ocrx_word' id='word_1_217' title='bbox 462 2340 644 2383; x_wconf 81' lang='lat' dir='ltr'>germen</span> <span class='ocrx_word' id='word_1_218' title='bbox 668 2359 678 2377; x_wconf 90' lang='lat'>‚</span> <span class='ocrx_word' id='word_1_219' title='bbox 705 2333 747 2367; x_wconf 76' lang='lat' dir='ltr'>ct</span> <span class='ocrx_word' id='word_1_220' title='bbox 793 2341 971 2378; x_wconf 84' lang='lat' dir='ltr'>semen,</span> <span class='ocrx_word' id='word_1_221' title='bbox 1002 2335 1047 2367; x_wconf 90' lang='lat' dir='ltr'>et</span> <span class='ocrx_word' id='word_1_222' title='bbox 1091 2327 1395 2384; x_wconf 75' lang='lat' dir='ltr'>pericarpiuin</span> <span class='ocrx_word' id='word_1_223' title='bbox 1425 2358 1436 2376; x_wconf 91' lang='lat'>‚</span> 
     </span>
    </p>
   </div>
  </div>
 </body>
</html>
