1669 2563
1390 203 1440 231 21

210 290 284 334 vel
315 291 496 333 duobus
526 289 770 330 instruitur
799 318 808 328 .
840 285 1101 342 cotyledon
1147 288 1382 336 solitarius
1431 295 1504 334 in-

211 351 391 393 terdum
435 365 458 390 e
502 349 684 404 regione
733 346 873 388 habet
923 347 1277 404 appendiculam
1309 384 1319 402 ‚
1366 368 1504 409 quam

209 411 471 468 epiblastnm
499 407 621 448 dixit
649 405 908 448 Richardus
937 440 946 449 .
978 406 1084 459 Quae
1115 407 1278 463 plantae
1309 427 1505 453 naseun-

209 479 285 513 tur
315 484 342 512 ει
371 468 538 509 semine
581 467 747 523 prioris
777 473 890 508 notae
914 497 926 516 ,
956 468 1379 521 monocotyledoneae
1423 487 1506 528 ap-

207 529 442 589 pellantur
465 558 478 577 ,
508 540 606 584 quae
637 541 663 568 a
694 528 862 568 semine
892 533 1005 568 notae
1047 529 1313 584 posterioris
1341 562 1352 580 ‚
1384 531 1506 573 dico-

208 589 449 648 tyledoneae
478 617 488 627 .
514 626 517 631 .

265 648 310 704 ᾗ.
342 661 414 704 77.
447 645 567 689 Sunt
593 676 609 698 ,
635 647 717 703 qui
748 644 1007 696 affirment,
1041 647 1212 688 semina
1242 662 1335 690 esse
1354 680 1366 700 ‚
1408 664 1506 705 quae

204 707 452 767 plusquam
492 706 675 748 duobus
717 705 1070 762 cotyledonibus
1109 707 1311 749 ditentur
1337 741 1346 750 .
1391 707 1507 750 Gaer-

203 776 363 810 tnerus
387 799 399 818 ,
428 765 671 808 Mirbelius
690 798 701 817 ,
731 781 816 809 nos
849 765 897 808 id
928 765 1162 808 evidenter
1183 765 1280 810 fieri
1306 770 1353 809 in
1384 771 1506 809 coni-

203 827 408 870 ferarum
441 825 704 884 plantarum
734 829 903 869 semine
933 826 1253 869 contendimus
1273 861 1282 870 .
1317 828 1377 869 At
1402 828 1506 870 Lin-

203 903 322 930 naeus
346 920 358 938 ‚
404 887 614 937 Jnssiaeus
639 918 651 936 ,
685 894 731 928 et
767 887 1061 930 Vintenatius
1107 895 1274 945 putant
1298 920 1309 938 ,
1343 890 1390 929 in
1436 889 1506 931 his

203 948 374 1006 plantis
417 946 535 989 duos
584 954 762 989 tantum
811 945 1109 1002 cotyledones
1160 950 1392 1005 reperiri,
1424 951 1505 1005 qui

204 1007 433 1067 profunde
459 1009 571 1049 secti
603 1009 693 1049 sint
719 1040 729 1049 .
760 1006 999 1065 Quidquid
1043 1009 1104 1049 sit
1128 1040 1142 1058 ‚
1172 1022 1279 1050 cum
1312 1007 1472 1065 plantae
1490 1042 1502 1060 ‚

202 1083 301 1126 quae
331 1084 358 1110 a
388 1070 556 1111 semine
587 1066 660 1108 vel
696 1067 880 1111 duobus
903 1100 915 1118 ,
947 1065 1022 1110 vel
1051 1067 1215 1110 multis
1266 1068 1507 1124 cotyledo-

200 1130 340 1171 nibus
364 1127 550 1185 praedito
580 1136 828 1169 nascuntur
849 1163 859 1180 ,
892 1128 1049 1170 eadem
1081 1143 1267 1186 prorsus
1299 1137 1504 1172 structu-

205 1205 256 1230 ra
289 1188 495 1246 polleant
518 1220 530 1239 ,
561 1190 748 1244 quaestio
780 1188 870 1230 haec
902 1187 1082 1232 nullius
1132 1191 1384 1231 momenti.
1421 1188 1506 1229 Re-

202 1252 325 1290 ctius
354 1247 493 1298 forte,
527 1249 741 1305 onmique
765 1247 846 1289 lite
877 1247 1054 1298 ablata,
1083 1247 1347 1304 hujusmodi
1374 1248 1506 1306 plan-

203 1316 255 1350 tae
303 1323 396 1349 uno
447 1306 696 1365 eodemque
743 1310 928 1350 nomine
972 1309 1382 1364 polycotyledoneae
1430 1309 1503 1350 di-

205 1368 354 1410 cendae
383 1400 392 1410 .

265 1427 308 1483 §.
342 1429 412 1484 78.
440 1425 509 1467 Ex
542 1426 612 1467 his
631 1458 641 1476 ,
667 1440 762 1483 quae
784 1424 1025 1483 hucusque
1057 1426 1352 1477 tradidimus,
1374 1426 1499 1470 clare

203 1494 330 1544 patet
352 1518 363 1537 ‚
395 1500 557 1528 verum
591 1501 741 1526 semen
773 1494 940 1527 natura
971 1500 1053 1527 sua
1083 1486 1355 1541 cotyledone
1400 1502 1506 1544 prae-

201 1548 352 1588 ditum
381 1564 395 1597 3
423 1546 527 1587 ideo
576 1552 706 1586 notas
737 1547 919 1586 seminis
953 1548 1226 1587 certissimas
1280 1555 1503 1603 perpetuo

205 1606 429 1648 habemus
478 1620 583 1646 cum
628 1608 675 1646 in
720 1604 1012 1647 foecunditate
1062 1607 1159 1661 ejus
1204 1622 1283 1662 per
1337 1621 1507 1663 organa

203 1666 422 1725 genitalia
453 1667 650 1707 maxime
680 1664 882 1707 visibiHa
910 1697 921 1716 ,
968 1674 1066 1707 tum
1097 1668 1144 1707 in
1174 1665 1504 1722 cotyledonum

204 1729 444 1785 praesentia
468 1758 478 1767 .

262 1786 307 1843 ξ.
342 1801 412 1843 79.
447 1785 567 1828 Vasa
617 1782 877 1826 mammalia
909 1787 1070 1843 saepius
1100 1785 1158 1827 ad
1205 1784 1461 1827 radiculam
1491 1818 1502 1836 ‚

202 1862 343 1904 quam
373 1846 430 1888 ad
461 1845 737 1904 gemmulam
769 1846 1053 1887 contendunt
1077 1879 1086 1888 .
1119 1846 1225 1899 Quae
1258 1848 1373 1887 ratio
1406 1855 1472 1888 est
1492 1879 1503 1896 ‚

203 1922 286 1948 cur
314 1906 540 1958 radicula,
568 1909 696 1963 prius
722 1921 861 1963 quam
884 1905 1097 1963 plumula
1115 1939 1126 1957 ‚
1152 1905 1405 1948 evolvatur.
1430 1907 1508 1947 At-

174 1994 182 1998 *
203 1975 354 2009 tamen
384 1966 609 2008 Pollinius
643 1966 755 2007 vidit
787 1966 953 2008 horum
999 1981 1214 2009 vasorum
1260 1968 1509 2007 connexio-

204 2043 307 2069 nem
337 2042 444 2069 cum
476 2026 704 2085 gemmula
747 2028 795 2067 in
826 2025 927 2069 Zea
957 2025 1100 2084 Mays
1127 2059 1139 2078 ,
1185 2026 1430 2069 Mirbelius
1461 2028 1510 2068 in

208 2087 452 2132 Nelumbio
483 2090 681 2144 specioso
712 2104 723 2137 3
756 2094 800 2129 et
837 2101 893 2129 ex
925 2087 1136 2146 analogia
1165 2088 1373 2129 divinare
1407 2101 1511 2144 pos-

207 2163 392 2198 sumus,
426 2148 473 2189 id
504 2149 765 2205 contingere
798 2149 846 2188 in
876 2147 1070 2206 reliquis
1100 2149 1355 2191 seminibus
1391 2149 1509 2203 ejus-

206 2207 310 2250 dem
340 2216 612 2258 structurae3
645 2223 787 2266 quare
819 2207 1051 2265 gemmula
1081 2224 1241 2252 eorum
1289 2222 1382 2249 uno
1434 2221 1506 2247 eo-

207 2267 401 2325 demque
455 2277 659 2326 tempore
704 2271 928 2327 germinat
977 2283 1085 2313 cum
1133 2267 1344 2312 radicula
1371 2300 1383 2319 ‚
1417 2267 1505 2309 nisi

208 2329 345 2370 etiam
378 2328 520 2386 paulo
552 2336 656 2372 ante
685 2361 696 2372 .
