1669 2563
208 134 288 184 124

264 293 507 347 Probatur,
539 295 860 351 generationem
902 294 999 335 dari
1030 294 1075 332 in
1102 292 1278 348 plantis
1299 323 1309 333 .

204 415 248 471 ξ.
280 416 380 457 380.
412 415 516 468 Quae
541 415 874 472 generationem
908 412 1168 470 plantarum
1209 412 1436 469 praecipue

148 475 474 526 demonstrant,
491 475 601 516 haec
633 482 738 515 sunt
765 504 774 515 .

211 533 252 577 1⁰
285 535 635 589 Syncronismus
659 535 903 575 staminum
927 563 938 580 2
970 538 1015 572 et
1046 529 1329 587 pistillorum
1353 562 1364 572 .

209 593 272 636 2⁰.
308 595 433 637 Situs
464 596 602 635 maris
636 609 809 651 semper
843 599 978 648 aptus
1009 590 1064 631 ad
1096 590 1321 631 foeminam
1350 622 1363 640 ‚
1397 596 1443 630 et

147 656 367 697 vicissim.
401 655 501 708 Quo
529 653 757 695 difficilior
788 666 993 693 accessus
1015 654 1260 708 utriusque
1290 663 1442 698 ερΧΠε,

151 730 203 756 eo
225 716 455 771 copiosior
486 713 776 772 pulvisculus
806 711 1068 754 foecundans
1100 726 1157 752 ex
1188 711 1446 767 copiosiore

153 777 399 816 staminum
419 788 608 815 numero
633 804 646 823 ,
678 782 731 814 ut
761 775 808 813 in
839 770 1080 819 salicibus,
1113 770 1375 826 Palmisque
1405 801 1414 810 .

211 832 273 876 3⁰.
304 833 528 875 Geniturae
558 832 816 873 masculinae
848 847 927 888 per
960 829 1186 871 foeminam
1211 831 1448 886 absorptio

152 911 179 935 a
206 894 385 934 Linnaeo
419 894 654 935 observata
685 894 731 932 in
756 888 1379 946 Amaryllideformosissima,
1403 891 1449 928 in

161 955 294 997 Viola
325 955 526 995 tricolore
552 985 562 1001 ,
591 960 636 992 et
650 954 697 992 in
727 950 932 991 Gratiola
953 948 1181 1004 officitzali,
1211 950 1394 1006 jamque
1425 964 1453 989 a.

153 1012 414 1056 Vaillantio
447 1015 545 1053 visa
578 1013 627 1051 in
656 1011 892 1067 Papavere
926 1010 1131 1049 orientali
1155 1041 1166 1050 .

213 1071 276 1127 4⁰.
308 1072 591 1114 Foecunditas
621 1077 718 1112 arte
743 1070 929 1111 obtenta
953 1084 1008 1109 ex
1031 1067 1218 1124 pulvere
1235 1067 1455 1108 masculi-

153 1147 213 1174 no
244 1131 437 1174 foeminis
461 1135 684 1188 insperso,
715 1145 812 1188 quae
844 1144 914 1170 res
930 1128 987 1169 ab
1012 1129 1328 1183 antiquissimo
1347 1135 1457 1168 tem-

155 1206 268 1250 pore
300 1194 416 1234 inter
450 1189 694 1233 orientales
715 1222 727 1242 ,
759 1198 805 1231 et
834 1189 1079 1245 AEgyptios
1111 1196 1234 1238 nota,
1260 1203 1286 1227 a
1318 1187 1457 1229 Caesio

157 1251 445 1309 deprehensa
474 1254 521 1292 in
553 1250 823 1292 Mercuriali
844 1280 858 1300 ,
880 1264 906 1289 a
930 1248 1157 1289 Bocconio
1183 1250 1229 1288 in
1251 1247 1460 1289 Pistacia

155 1327 265 1353 vera
289 1342 302 1363 ,
334 1327 360 1353 a
390 1309 730 1353 Michelmanno
753 1313 802 1351 in
833 1309 1116 1364 Chamoerope
1145 1307 1425 1349 Berolinensi
1446 1339 1459 1357 ‚

158 1387 185 1413 a
215 1372 396 1414 Linnaeo
421 1374 467 1413 in
501 1371 708 1414 Mirabile·
737 1370 948 1427 Jalappa
970 1402 980 1418 ‚
1014 1371 1061 1409 in
1093 1367 1340 1409 Antlzoliza
1370 1367 1463 1409 Cu-

164 1436 304 1474 nonia
327 1464 339 1483 ‚
371 1434 420 1473 in
449 1431 599 1474 Clutia
631 1433 823 1481 tenella,
859 1433 907 1471 in
937 1429 1135 1471 Datisca
1172 1427 1429 1470 cannabino,
1452 1460 1464 1477 ‚

160 1494 210 1533 in
241 1492 561 1545 Momordicis,
590 1493 638 1533 in
668 1490 898 1548 Jatropha
933 1497 1084 1530 urente
1109 1521 1120 1538 ,
1142 1490 1190 1528 in
1221 1487 1464 1544 Asplzode-

163 1553 208 1593 lo
250 1553 463 1607 fistuloso
485 1584 501 1606 ,
547 1555 597 1594 in
646 1551 756 1593 Ixia
808 1550 1010 1592 chinemi
1035 1581 1048 1601 ,
1101 1547 1300 1605 aliisque
1356 1547 1466 1605 plu-

164 1613 322 1654 ribus.

224 1670 284 1714 5⁰.
313 1671 522 1713 Accessio
553 1672 807 1714 successiva
838 1671 1086 1712 staminum
1120 1667 1180 1709 ad
1227 1666 1467 1725 pistillum

162 1734 212 1772 in
243 1731 386 1782 Ruta,
412 1735 461 1773 in
493 1731 766 1788 Saxffragis,
791 1729 955 1788 pistilli
986 1729 1043 1770 ad
1065 1729 1256 1770 stamina
1277 1731 1325 1769 in
1347 1727 1470 1769 Par-

164 1795 347 1842 nassz‘a,
379 1807 485 1833 cum
517 1792 761 1847 ejaculatio
794 1790 984 1849 pollinis
1015 1792 1229 1830 imminet
1248 1821 1258 1831 .

224 1850 287 1893 6⁰.
318 1852 603 1894 Foecunditas
631 1852 915 1893 foeminarum
946 1852 993 1891 in
1025 1849 1264 1890 ordinibus
1294 1846 1473 1904 Symm-

167 1911 425 1963 fflemrum,
477 1915 571 1955 sive
615 1912 915 1969 Syngenesioe,
947 1919 1039 1952 tam
1087 1911 1213 1951 varie
1263 1908 1473 1950 ludenti-

167 1972 256 2014 hus
283 2004 294 2013 .

231 2029 293 2087 7⁰.
323 2030 481 2073 Flores
525 2032 803 2090 aquatilium
832 2037 1208 2090 supernatantes,
1243 2043 1336 2086 quo
1375 2030 1475 2086 ipso

170 2098 373 2148 tempore
407 2091 588 2134 foeininae
623 2093 881 2134 maritandae
905 2125 917 2143 ‚
951 2092 997 2131 id
1039 2090 1113 2132 vel
1159 2089 1476 2145 Theophrasto

172 2151 443 2194 admonente
469 2155 515 2193 in
545 2152 662 2195 Loto
691 2186 704 2204 ,
736 2152 846 2194 licet
878 2154 942 2194 rei
973 2166 1161 2192 causam
1192 2165 1282 2190 non
1339 2148 1479 2190 intel-

172 2211 366 2263 lexerit,
412 2228 526 2269 quos
566 2215 684 2254 inter
713 2212 1084 2256 mirabilissimus
1134 2212 1341 2253 oninium
1397 2209 1480 2251 flos

181 2271 225 2315 V
223 2273 456 2316 allisneriae
478 2307 488 2316 .
521 2272 700 2318 Etenim
728 2289 822 2317 mas
840 2308 852 2328 ‚
884 2275 1058 2332 nuptiis
1095 2272 1376 2315 instantibus
1401 2304 1411 2323 ,
1452 2285 1479 2312 a
