1669 2563
1281 117 1359 159 163

172 221 553 356 Dicotyledonesg
586 242 750 286 Corolla
776 242 1008 296 „hypogyna
1030 272 1038 282 .
1071 272 1081 283 .
1113 270 1124 281 .
1152 241 1277 285 CLAs.
1304 246 1419 287 VIII.

225 331 488 384 m⁰n⁰l⁷⁶taloe
532 359 555 412 [
588 349 752 393 Corolla
777 349 978 404 perigyna
993 379 1169 392 .....
1198 352 1324 391 Crass.
1344 353 1420 393 IX.

116 438 328 495 Cumque
380 435 562 479 corolla
606 430 896 490 monopetala
951 434 1148 490 epigyna
1189 432 1421 487 dicotyle-

118 501 290 541 donum
323 496 585 553 plantarum
609 493 713 534 hinc
746 495 975 550 ingentem
1007 493 1214 534 ordinem
1247 492 1422 549 Symm-

117 560 335 601 thermum
382 556 580 597 antheris
625 551 807 595 coalitis
839 554 1076 610 praeditum
1102 585 1112 603 ‚
1147 552 1250 592 inde
1287 551 1423 610 plan-

118 627 185 660 tas
211 616 409 658 antheris
442 614 665 658 distinctis
696 611 919 670 pollentes
960 611 1337 669 comprehendat,
1365 627 1422 653 ex

118 679 242 720 hisee
271 677 388 717 notis
418 676 513 718 aliae
543 673 708 717 classes
737 672 834 714 duae
854 672 1113 730 desumptae,
1146 673 1210 713 ita
1243 681 1295 715 ut
1327 680 1424 715 tota

117 738 257 793 hujus
300 738 512 778 sectionis
542 734 705 776 divisio
730 732 1022 792 quadruplex
1055 734 1134 774 sit:

170 822 493 872 Dicotyledones
507 834 588 860 mo-
631 792 655 845 ί
680 817 876 860 Antheris
898 818 1060 859 coalitis
1089 848 1099 858 .
1131 847 1141 857 .
1179 846 1188 856 .
1217 815 1341 860 CLAs.
1369 818 1423 857 X.

224 878 424 929 nopetaloe
442 875 598 917 corolla

222 933 417 985 epigyna.
633 927 657 980 Q
681 925 882 969 Antheris
908 926 1118 968 distinctis
1147 958 1156 967 .
1189 930 1315 969 CLAS.
1346 925 1421 966 XI.

181 1014 227 1070 ς.
268 1016 335 1056 15.
368 1008 726 1066 Dicotyledones
756 1007 1027 1067 polypetalae
1077 1011 1254 1069 triplici
1287 1007 1423 1051 modo

73 1113 76 1117 .
120 1073 389 1116 dividuntur
420 1073 594 1113 ratione
625 1070 811 1126 originis
842 1071 1082 1113 staminum
1113 1072 1291 1113 directae
1310 1075 1420 1120 ,aut

119 1137 265 1193 ipsius
294 1130 474 1175 corollae
507 1145 609 1172 raro
642 1127 926 1171 staminiferae
952 1162 962 1172 .
993 1130 1146 1184 Quare

174 1196 535 1354 Dssgzyssgffgygsff
570 1214 1076 1332 {ssi‘ss}3{¹33{153{0g3g¹}³ssi;
1103 1212 1417 1309 :arr-2355:

513 1337 537 1390 Q
570 1323 826 1368 Stamimbus
842 1324 1049 1376 perigynis
1094 1353 1104 1362 .
1151 1324 1278 1363 CLAs.
1305 1321 1419 1362 XIV.

181 1408 226 1465 ᾖ.
268 1408 335 1450 16.
366 1407 567 1450 Tandem
596 1403 940 1460 dicotyledones
982 1402 1192 1460 diolyniae
1241 1403 1421 1460 irregu-

120 1468 256 1518 lares,
288 1483 394 1509 cum
423 1467 600 1509 nullam
630 1466 899 1508 divisionem
927 1467 1160 1521 patiantur
1180 1497 1191 1515 ,
1217 1465 1416 1512 unicam,

121 1536 167 1570 et
195 1530 485 1570 novissimam
507 1527 704 1585 praebent
722 1526 967 1574 Jussiaeanae
987 1523 1188 1565 methodi
1212 1523 1416 1564 classem.

123 1588 306 1630 Monere
336 1594 490 1629 autem
541 1588 671 1643 juvat
700 1584 756 1627 de
786 1583 909 1625 hisce
963 1582 1160 1641 plantis,
1193 1582 1418 1637 diclynias

126 1649 324 1705 spurias,
356 1647 473 1688 idest
503 1662 600 1704 quae
630 1644 744 1687 tales
773 1644 940 1685 abortu
971 1651 1151 1685 tantum
1177 1641 1306 1692 fiunt,
1345 1641 1418 1682 di-

123 1708 290 1763 clyniis
332 1709 451 1749 veris
479 1721 569 1748 non
599 1721 691 1748 esse
722 1703 1077 1762 permiscendas,
1109 1703 1185 1746 sed.
1216 1699 1418 1759 singulas

125 1767 509 1825 hermaphroditis
538 1765 750 1809 affinibus
779 1762 1006 1806 addendas
1032 1795 1042 1804 .

178 1885 501 1937 Dicotyledones
525 1884 720 1936 diclyniae
748 1882 998 1936 irregulares
1021 1910 1031 1920 .
1072 1909 1083 1920 .
1131 1910 1139 1919 .
1168 1880 1294 1920 CLAs.
1325 1879 1419 1920 XV.

190 2000 402 2055 (OBSERV.
439 2000 635 2057 Tyrones
664 1998 733 2042 hic
765 2011 878 2056 saepe
906 1996 1136 2041 exercendi
1157 1999 1204 2040 in
1219 1995 1421 2039 determi-

132 2061 286 2104 nandis
315 2060 527 2104 classibus
556 2074 685 2114 super
712 2062 838 2104 vivas
864 2060 1108 2118 plantas).
