1669 2563
279 133 359 175 166

212 236 385 279 dieitur
435 240 601 294 integer
625 269 637 288 ,
689 251 795 279 cum
826 235 957 279 flores
1012 240 1226 280 oriuntur
1280 253 1337 280 ex
1387 240 1513 279 omni

213 306 386 354 puncto
409 298 672 356 peripllerjae
700 296 867 347 caulis3
891 297 1087 340 habetur
1120 313 1202 355 pro
1234 297 1380 354 falso,
1406 313 1512 340 cum

210 357 302 398 duo
334 356 497 399 florum
529 359 678 400 acervi
709 365 958 400 naseuntur
981 360 1197 415 oppositi,
1219 366 1264 400 et
1287 358 1513 399 divarica-

208 419 330 458 tione
361 433 443 460 sua
471 426 717 475 contegunt
741 425 889 459 totum
920 419 1147 460 ambitum
1174 450 1183 459 .
1236 416 1511 459 Vertieillus

208 478 462 520 dimidiatus
491 486 586 529 est,
618 479 700 535 qui
753 477 993 519 dimidium
1039 478 1195 521 orbem
1226 475 1512 520 solummodo

206 536 369 593 implet
393 570 402 579 .

271 596 566 640 Unilaterales
592 629 604 648 ,
637 611 744 638 cum
795 611 949 640 omnes
1003 599 1094 639 orti
1138 611 1196 639 ex
1250 595 1411 639 eodem
1446 593 1510 637 la-

209 663 305 697 tere
336 688 346 697 .

265 715 462 757 Secundi
485 749 496 767 ‚
530 730 636 757 cum
668 717 756 757 orti
798 729 856 757 ex
907 715 1098 759 diversis
1153 717 1337 774 punctis
1365 747 1377 767 ,
1429 713 1507 757 sed

207 788 357 816 omnes
382 775 438 815 ad
468 776 587 816 idem
618 775 740 817 latus
772 777 1014 817 conversi.

264 834 479 885 Distichz·‚
505 849 609 875 cum
624 836 713 876 orti
742 836 791 876 in
809 833 1032 876 lateribus
1058 836 1277 893 oppositis
1297 834 1505 877 directio-

202 909 259 935 ne
290 896 525 935 contraria
550 925 559 934 .

261 953 491 995 Axillares
512 985 522 1003 ,
555 953 637 1008 qui
670 958 791 993 stant
820 953 866 992 in
897 951 1042 993 axilla
1071 951 1174 993 folii
1192 985 1202 994 .

263 1011 577 1069 Oppositzfolii
599 1043 610 1061 ‚
643 1013 726 1068 qui
756 1010 870 1052 folio
902 1026 925 1052 e
957 1014 1138 1068 regione
1171 1018 1466 1068 opponuntur
1489 1046 1500 1056 .

259 1070 516 1127 Laterzsolii
538 1103 548 1121 ‚
582 1073 664 1127 qui
699 1078 806 1113 sunt
835 1071 892 1112 acl
925 1069 1046 1112 latus
1077 1071 1237 1112 baseos
1268 1070 1369 1111 folii
1397 1104 1407 1113 .

259 1130 565 1188 Interfoliaoei
588 1163 600 1182 ,
631 1131 707 1173 siti
736 1132 854 1173 inter
884 1128 997 1173 folia
1027 1132 1252 1189 opposita,
1273 1130 1412 1188 idque
1432 1130 1502 1173 al-

201 1194 413 1233 ternatim
439 1224 448 1233 .

258 1250 618 1307 Superaxillares
648 1283 660 1301 ,
725 1251 807 1308 qui
867 1265 1006 1309 supra
1057 1247 1277 1295 foliorum
1333 1248 1499 1293 axillas

199 1313 294 1351 nati
322 1343 331 1352 .

256 1368 452 1426 Cirrfferi
479 1403 490 1421 ,
523 1371 605 1428 qui
635 1370 767 1412 cirris
794 1369 966 1427 praediti
992 1402 1003 1412 .

257 1429 499 1472 Radicales
524 1465 534 1481 ‚
565 1431 734 1472 caulinz’
755 1461 766 1480 ,
800 1433 948 1483 ramei,
971 1429 1228 1487 petiolares,
1261 1427 1493 1486 epiphylli,

197 1504 304 1531 eum
336 1493 564 1547 pertinent
583 1491 640 1532 ad
670 1490 871 1532 radicem
899 1523 910 1542 ‚
941 1489 1123 1532 caulem
1146 1522 1157 1541 ,
1190 1504 1339 1531 ramos
1367 1522 1378 1540 ‚
1421 1505 1495 1546 pe-

202 1549 341 1590 tiolos
366 1583 376 1600 ‚
409 1548 540 1592 folia.

255 1609 432 1665 Spicati
454 1644 464 1659 ,
495 1611 750 1661 amentacei‚
785 1611 993 1652 racemosa·
1015 1641 1026 1661 ,
1060 1607 1295 1665 thyrsoidei
1308 1639 1325 1660 ,
1351 1610 1492 1664 pani-

196 1670 336 1710 calati
357 1702 368 1720 ,
401 1669 642 1727 corymbosi
667 1701 678 1720 ‚
711 1672 874 1727 cymosi
897 1702 908 1721 ,
955 1668 1179 1711 umbellam·
1209 1701 1220 1719 ‚
1267 1671 1492 1726 capitati,

197 1733 456 1786 resupinati,
480 1731 697 1786 spadica,
749 1729 996 1786 spatlzacei‚
1029 1729 1245 1785 glumacei
1274 1760 1284 1777 ,
1332 1729 1490 1769 (1101111-

195 1797 271 1829 tur
303 1805 329 1830 a
351 1789 668 1846 peculiaribus
694 1787 1052 1840 inflorescentiae,
1074 1797 1118 1830 et
1138 1787 1489 1830 involucrorum

197 1848 343 1890 modis
367 1882 378 1899 ,
411 1849 465 1889 de
497 1850 666 1906 quibus
696 1856 877 1906 postea.

255 1909 441 1964 Apetalz‘
467 1941 487 1963 ‚A
511 1911 590 1965 qui
642 1911 736 1950 sine
785 1907 995 1959 corolla3
1046 1908 1317 1965 monopetali
1348 1940 1359 1959 ‚
1405 1910 1486 1966 qui

193 1968 415 2009 corollam
461 1984 515 2009 ex
541 1983 632 2009 uno
663 1967 842 2019 foliolo,
870 1970 1126 2025 polypetali
1153 2000 1164 2018 ,
1199 1970 1279 2025 qui
1333 1968 1487 2011 corol-

192 2027 285 2068 lam
316 2044 370 2069 ex
404 2027 616 2086 pluribus
645 2027 820 2071 foliolis
849 2028 1016 2070 factam
1045 2028 1215 2070 habent
1237 2060 1246 2070 .

251 2087 645 2145 Hermaplzroditi‚
678 2091 759 2145 qui
804 2096 1002 2146 utroque
1059 2104 1170 2131 sexu
1195 2121 1206 2139 ,
1262 2087 1447 2145 diclynii
1469 2122 1480 2140 ‚

191 2148 386 2204 diclynes
407 2182 417 2198 ‚
449 2149 729 2190 zmisexuales
758 2182 769 2200 ,
799 2151 879 2207 qui
911 2162 1001 2190 uno
1035 2156 1214 2190 tantum
1247 2163 1359 2190 sexu
1406 2151 1480 2190 in-

189 2215 431 2250 struuntur
458 2241 467 2250 .
500 2209 763 2266 Androgyni
789 2243 800 2261 ,
830 2210 911 2267 qui
949 2207 1105 2267 plures
1135 2210 1335 2266 congesti
1362 2241 1373 2259 ,
1402 2225 1480 2252 su-

190 2283 330 2325 perne
359 2269 552 2312 masculi
570 2302 581 2321 ,
613 2269 787 2312 inferne
818 2269 1013 2313 foeminei
1040 2303 1053 2323 ,
1080 2276 1162 2313 aut
1192 2270 1389 2313 vicissim
1407 2304 1416 2314 .
