1669 2563
240 178 295 218 80

683 340 834 383 CAPUT
885 340 966 383 VI.

300 459 636 503 PHYSIOLOGIGA
669 474 727 502 DE
760 474 1056 503 NUTRIMEN'I'O
1083 473 1352 504 PLANTARUM

623 535 1003 564 PIIOENOCAMARUM
1021 554 1030 563 .

387 699 667 760 Proeparatio
697 692 920 745 alimenti.
957 700 1269 745 Fundamenta

668 763 949 819 agriculturae
971 795 983 805 .

230 938 275 993 ξ.
308 939 407 982 261.
439 940 678 983 Absolutis
709 943 766 982 iis
789 974 801 992 ‚
834 955 932 999 quae
963 942 1019 983 dc
1063 947 1298 982 structura
1345 939 1469 981 radi—

173 999 238 1039 cis
262 1030 273 1049 ,
299 1000 446 1042 caulis
464 1033 475 1051 ‚
508 1009 553 1041 et
582 1001 803 1042 foliorum
836 1008 1117 1058 pertractant
1139 1033 1151 1051 ,
1190 999 1469 1057 vegetabilia

173 1072 278 1099 cum
322 1059 590 1102 alimentum
638 1061 761 1102 hisce
790 1063 902 1118 ipsis
936 1068 1145 1110 sumant,
1189 1068 1328 1116 atque
1374 1074 1473 1116 per-

175 1116 351 1170 ficiant,
384 1129 591 1161 nostrum
611 1135 732 1162 nunc
753 1129 836 1171 est,
869 1136 1033 1162 arcana
1056 1121 1327 1160 nutrimenti
1350 1119 1475 1176 plan-

175 1184 341 1229 tarum,
374 1187 599 1236 quantum
629 1183 676 1222 in
697 1182 826 1222 nohis
856 1183 958 1231 erit,
983 1179 1234 1238 patefacere
1261 1211 1272 1221 .

233 1238 277 1293 ᾗ.
310 1238 409 1281 262.
443 1239 534 1282 Vix
575 1257 627 1282 ac
657 1256 712 1281 ne
743 1243 822 1282 vix
859 1241 1047 1299 quidem
1090 1243 1212 1281 actio
1268 1237 1476 1279 stimulo-

172 1312 273 1338 rum
304 1300 485 1357 incaepit
515 1302 561 1341 in
593 1299 805 1358 plantula
834 1334 845 1351 ,
878 1315 976 1358 quae
1009 1307 1108 1341 tota
1146 1298 1474 1341 incitabilitate

171 1373 253 1399 sua
285 1358 431 1415 pollet
449 1392 460 1411 ,
492 1356 643 1402 motus
673 1360 879 1419 undique
904 1363 1053 1402 oritur
1079 1358 1330 1402 fluidorum
1349 1361 1473 1400 intra.

168 1417 315 1460 solida
337 1452 349 1470 ‚
394 1422 542 1463 oritur
594 1424 739 1473 actio,
788 1430 834 1464 et
884 1423 1055 1464 reactio
1105 1420 1475 1477 uniuscujusque

170 1481 339 1534 partis.
377 1479 485 1522 Vita
517 1481 679 1539 plantae
710 1489 777 1523 est
803 1515 813 1525 .

226 1538 270 1593 ς.
298 1539 397 1581 263.
431 1540 552 1598 Ergo
575 1539 822 1582 fluidorum
852 1541 1079 1582 circuitus
1116 1540 1322 1581 nascitur
1366 1552 1474 1580 cum

167 1599 264 1654 ipsa
293 1600 388 1640 vita
420 1632 432 1650 ‚
487 1609 534 1641 et
564 1599 707 1641 fluida
753 1601 843 1642 haec
896 1602 1107 1641 materies
1138 1632 1150 1650 ,
1198 1613 1291 1656 qua
1344 1607 1474 1655 parte

163 1659 294 1712 juvat
320 1691 331 1709 ,
365 1663 546 1717 organis
577 1660 839 1717 plantarum
870 1659 1121 1718 applicitur
1147 1692 1158 1709 ,
1192 1674 1285 1716 qua
1315 1667 1470 1711 nocet,

164 1718 442 1776 expellitur.
482 1720 625 1778 Atqui
674 1723 900 1764 circuitus
930 1723 1014 1761 iste
1060 1722 1153 1760 cito
1201 1719 1429 1760 desineret
1454 1753 1466 1770 ‚

165 1793 376 1836 morsque
408 1778 671 1836 plantarum
704 1784 855 1823 statim
889 1788 1188 1838 sequeretur,
1222 1781 1308 1821 nisi
1341 1778 1469 1836 plan-

164 1845 214 1879 tae
243 1854 300 1880 ex
326 1848 497 1882 naturae
529 1856 616 1883 suae
648 1841 830 1899 legibus
861 1841 954 1882 alia
985 1839 1127 1882 fluida
1158 1840 1216 1881 ab
1263 1842 1467 1880 externis

161 1907 344 1955 possent
373 1900 559 1943 haurire
588 1934 599 1951 ‚
632 1909 687 1942 ut
712 1905 910 1959 priorem
954 1902 1183 1957 jacturam
1226 1902 1465 1940 continen-

165 1966 230 1999 ter
278 1969 523 2017 reparent.
577 1961 685 2003 Ideo
716 1964 981 2003 nutrimenti
1024 1963 1306 2009 neoessitas3
1360 1959 1464 2000 ideo

164 2021 496 2063 nutrimentum
527 2025 676 2079 prima
701 2055 712 2073 ,
745 2031 790 2064 ct
821 2024 1048 2080 praecipua
1079 2022 1272 2063 viventis
1306 2019 1467 2077 plantae

163 2082 367 2136 operatio
398 2089 465 2123 est
493 2115 502 2124 .

220 2140 264 2197 ς.
298 2141 397 2196 264.
429 2141 726 2192 Alimentum,
753 2149 806 2183 ut
825 2141 1019 2185 fibrillas
1051 2141 1255 2183 radicum
1279 2141 1457 2191 subeat,

161 2209 343 2257 oportet
392 2216 486 2244 esse
541 2205 890 2253 tenuissi1num3
923 2203 1061 2260 idque
1109 2203 1343 2244 obtinetur
1383 2217 1458 2243 ex-

160 2268 231 2302 tra
260 2260 464 2318 plantam
484 2279 568 2321 ope
601 2271 750 2313 terrae,
775 2272 821 2304 et
852 2279 976 2322 aquae
1001 2297 1011 2315 ,
1045 2277 1142 2322 quae
1190 2261 1461 2306 alimentum

160 2328 431 2375 conterunt,
463 2332 600 2383 atque
632 2323 815 2368 solvunt
842 2358 852 2367 .
