1669 2563
252 168 338 210 272

721 315 766 358 F
766 317 920 359 oliatio
948 347 958 358 .

254 438 299 495 §.
338 441 436 496 149.
469 436 669 478 Foliatio
706 445 773 479 est

251 499 469 540 Involuta
505 530 517 548 ‚
567 513 674 540 cum
723 497 949 554 margines
1002 493 1215 537 laterales
1265 492 1489 535 foliorum

191 561 409 616 utrinque
438 560 687 599 introrsum
731 556 962 614 spiraliter
1006 554 1305 597 involvuntur
1334 587 1345 605 ,
1376 554 1488 595 dici-

192 627 362 676 turque
414 620 620 675 opposite
662 619 890 668 involuta,
924 631 1030 657 cum
1073 614 1189 657 folia
1230 614 1324 656 duo
1370 621 1492 655 stant

189 695 247 720 ex
278 679 467 720 adverso
499 680 617 719 inter
648 693 723 729 se,
756 686 803 719 et
832 678 1058 734 margines
1089 673 1289 717 involuti
1339 675 1491 715 utrin-

189 754 280 796 que
313 755 357 780 se
382 754 427 780 se
460 739 742 794 respiciunt,
775 737 942 778 alterne
992 737 1224 786 involuta,
1257 749 1365 775 cum
1418 732 1490 775 fo-

190 799 308 840 lium
357 801 562 839 exterius
612 799 762 853 majus
809 795 1103 852 amplectitur
1153 796 1349 837 interius
1401 796 1495 835 mi-

195 874 283 899 nus
310 891 320 907 ‚
349 857 635 913 marginibus
664 860 711 897 in
743 863 942 912 utroque
973 853 1195 897 involutis
1219 886 1229 897 .

251 917 473 959 Εθωοίαία
507 948 518 966 ,
572 930 679 957 cum
728 919 953 970 margines
1005 913 1217 956 laterales
1266 913 1491 955 foliorum

192 980 411 1033 utrinque
444 983 696 1017 retrorsum
724 973 955 1031 spiraliter
986 973 1324 1015 convolvuntur
1350 1005 1361 1015 .

249 1035 473 1078 Oboolata
499 1067 509 1086 ,
542 1049 649 1077 cum
678 1036 904 1091 margines
935 1033 1028 1074 duo
1058 1031 1161 1073 folii
1192 1033 1491 1091 conduplica-

190 1099 225 1137 ti
255 1094 650 1153 comprehendunt
679 1109 821 1135 unum
855 1109 911 1134 ex
941 1093 1224 1150 marginibus
1256 1091 1358 1134 folii
1404 1109 1487 1152 op-

192 1158 331 1214 positi
382 1157 552 1213 pariter
601 1152 921 1212 conduplicati
941 1185 952 1204 ,
985 1153 1125 1209 idque
1157 1153 1358 1194 vicissim
1381 1185 1392 1194 .

253 1216 507 1258 Convolata
530 1247 541 1265 ‚
593 1230 700 1256 cum
745 1228 900 1270 margo
933 1213 1137 1269 ejusdem
1167 1211 1271 1254 folii
1314 1211 1492 1270 pluries

193 1278 370 1318 circum
403 1276 549 1318 ambit
579 1274 781 1316 alterum
811 1276 1079 1331 marginem.

255 1336 499 1378 Imbricata
525 1369 536 1386 ‚
564 1335 751 1392 quando
798 1333 935 1392 plura
979 1332 1094 1375 folia
1143 1333 1354 1390 opposita
1381 1365 1393 1383 ‚
1448 1339 1494 1373 et

196 1396 523 1454 conduplicata
578 1396 665 1437 sibi
715 1397 911 1436 invicem
963 1393 1241 1435 incumbunt
1271 1392 1496 1434 lateribus

201 1459 297 1499 suis
336 1455 672 1514 planiusculis,
717 1457 781 1497 ita
815 1463 869 1496 ut
899 1461 1047 1495 totum
1078 1453 1245 1495 folium
1295 1454 1498 1494 exterius

197 1516 489 1574 amplexetur
521 1524 672 1558 totum
696 1513 864 1557 folium
886 1517 1080 1556 interius
1106 1528 1297 1571 sequens
1314 1546 1326 1565 ,
1359 1521 1404 1555 et
1433 1515 1497 1554 sic

198 1592 338 1634 porro
362 1610 373 1620 .

254 1637 480 1694 Equitans
507 1669 519 1687 ,
573 1635 757 1693 quando
811 1634 949 1693 plura
1002 1633 1117 1676 folia
1165 1632 1495 1691 conduplicata

196 1696 424 1739 habentur
453 1730 464 1747 ,
493 1705 539 1738 et
569 1698 797 1738 exteriora
819 1694 1066 1736 includunt
1093 1696 1313 1736 interiora
1336 1725 1348 1744 ‚
1375 1695 1497 1735 sicu-

199 1759 236 1797 ti
267 1759 314 1798 in
365 1756 608 1799 foliatione
653 1757 930 1808 imbricata3
975 1762 1025 1797 at
1072 1754 1147 1796 hic
1199 1753 1343 1795 latera
1391 1751 1494 1794 folii

197 1817 513 1875 conduplicati
566 1832 656 1857 non
707 1831 880 1873 semper
913 1823 1019 1857 sunt
1047 1814 1186 1872 plana
1212 1846 1223 1863 ‚
1264 1813 1497 1854 interdum

198 1879 320 1918 enim
351 1875 576 1934 angulum
625 1875 844 1934 aequalem
892 1876 1113 1917 obtusum
1161 1875 1381 1929 utrinque
1430 1871 1495 1914 fa-

197 1941 329 1977 ciunt
356 1969 367 1988 ,
400 1944 446 1978 et
476 1935 657 1978 foliatio
702 1943 894 1979 vocatur
942 1936 1147 1991 equitans
1190 1947 1356 1989 anceps
1378 1965 1390 1984 ,
1421 1931 1497 1975 vel

199 1995 342 2046 solia,
379 1995 491 2039 licet
532 1995 861 2054 conduplicata
907 1994 1133 2036 lateribus
1176 1992 1360 2050 planis,
1403 2008 1498 2034 non

201 2064 309 2099 sunt
339 2071 395 2098 ex
427 2056 617 2099 adverso
650 2058 734 2097 sita
760 2087 771 2104 ‚
804 2054 881 2096 sed
912 2056 958 2095 in
990 2053 1274 2111 triangulum
1317 2052 1499 2110 equila-

201 2125 354 2158 terum
387 2116 521 2174 plicis
554 2118 647 2158 suis
672 2115 893 2172 disposita
916 2146 927 2166 ‚
959 2128 1057 2172 quae
1087 2112 1267 2156 foliatio
1291 2116 1498 2170 equitans

202 2180 420 2233 triquetra
442 2175 708 2234 appellatur
740 2208 751 2219 .

264 2236 625 2294 Condaplicata‚
658 2251 764 2278 cum
800 2235 900 2278 folii
927 2233 1148 2293 simplicis
1182 2233 1493 2291 conduplicati

205 2295 351 2340 latera
403 2296 627 2356 parallele
681 2298 769 2340 sibi
823 2297 1019 2339 invicem
1071 2296 1451 2353 approximantur
1483 2311 1493 2343 3
