1669 2563
265 114 346 158 192

262 203 546 263 Resupinata
569 240 580 257 ‚
632 223 738 251 cum
787 208 965 252 labium
1019 215 1230 269 superius
1280 213 1497 257 inferiore

200 264 348 306 multo
379 268 554 323 majus,
586 276 631 309 et
660 269 996 326 quodammodo
1028 271 1222 314 formam
1254 274 1353 329 ejus
1380 275 1497 317 refe-

200 340 301 365 rens
323 357 333 367 .

259 384 484 443 Ringens‚
514 395 582 430 est
611 388 788 431 corolla
812 389 1035 433 bilabiata
1061 424 1073 442 ‚
1103 391 1234 434 hians
1258 392 1392 436 fauce
1422 396 1495 436 in-

198 442 302 486 flata
320 477 330 487 .

256 504 528 558 Personam,
558 514 626 549 est
655 507 831 551 corolla
861 509 1085 553 hilahiata
1119 513 1242 553 rictu
1271 511 1431 555 clauso
1465 528 1492 554 a

197 567 511 621 prominentiis
540 569 588 608 in
611 566 738 611 labio
768 567 977 612 inferiori
1007 585 1149 630 prope
1173 571 1356 615 faucem
1383 605 1395 624 ,
1430 574 1492 615 si-

196 638 250 665 ve
281 626 329 666 in
352 627 517 682 palato
541 629 639 669 sitis
657 659 667 669 .

255 682 520 740 Lingulata‚
552 688 744 743 ligulam
768 721 779 739 ,
813 689 929 732 tubo
959 690 1118 748 gracili
1145 724 1155 742 ‚
1188 691 1296 734 hinc
1317 692 1493 734 abeun-

195 750 240 783 te
272 746 320 785 in
350 745 543 802 ligulam
593 747 777 804 planam
796 780 808 799 ,
839 751 968 807 apice
1003 750 1232 794 dentatam
1257 785 1267 794 .
1299 751 1493 810 Propria

194 802 574 860 Synantlzerarum
593 838 602 848 .

254 862 519 919 Irregularis
538 896 549 916 ,
594 880 702 908 cum
748 865 903 909 nullas
951 868 1091 911 hahet
1137 871 1492 927 praecedentium

195 920 366 965 formas
392 955 403 965 .

192 981 246 1022 In
277 981 454 1024 corolla
484 983 776 1041 monopetala
805 985 1053 1042 irregulari
1078 988 1219 1029 tubus
1248 988 1372 1030 ludit

257 1041 389 1084 Teres
412 1074 429 1096 ,
459 1057 731 1101 compressus
749 1077 759 1095 ,
802 1046 1007 1089 incurvus
1043 1062 1070 1088 a
1098 1045 1247 1090 forma
1269 1080 1281 1099 ,
1328 1056 1375 1090 et
1415 1050 1488 1091 di—

194 1103 395 1143 rectione
424 1135 435 1145 .

250 1161 407 1204 Fissus
430 1195 442 1214 ,
469 1161 613 1205 latere
643 1162 970 1222 longitudinali
1001 1173 1188 1224 apertus
1214 1199 1224 1209 .

250 1220 433 1274 Gibbus,
465 1224 861 1276 calcaratus‚cum
882 1225 989 1267 hinc
1019 1227 1264 1269 extuberat
1282 1226 1357 1270 vel
1387 1229 1491 1286 gih-

191 1280 301 1323 here
329 1314 341 1333 ,
372 1282 448 1324 vel
472 1283 642 1326 calcari
665 1316 677 1336 ,
710 1286 834 1327 intus
865 1288 988 1329 cavis
1010 1318 1021 1328 .

190 1339 322 1383 Faux
354 1341 627 1401 plerumque
670 1352 740 1387 est
770 1345 964 1401 inflata,
1009 1345 1166 1397 hian53
1210 1348 1258 1388 in
1300 1347 1488 1392 corollis

189 1405 442 1458 personatis
473 1412 651 1448 tantum
682 1406 839 1447 clausa
864 1438 875 1448 .

188 1461 341 1503 Limbi
372 1462 548 1506 labium
581 1468 791 1523 superius
823 1465 996 1507 dicitur

248 1521 447 1567 Planum
471 1557 482 1577 ‚
537 1539 829 1583 compressum
864 1541 891 1567 a
928 1525 1098 1568 lamina
1147 1534 1333 1569 extensa
1355 1559 1367 1579 ,
1412 1527 1486 1570 vel

189 1579 364 1637 plicata
381 1615 391 1625 .

246 1639 483 1694 Ενεοῐιιιη,
515 1644 633 1686 idest
666 1643 1048 1703 perpendiculare
1079 1677 1090 1688 .

245 1700 499 1745 Ascendens
522 1736 533 1754 ,
565 1718 672 1746 cum
721 1708 871 1763 primo
925 1707 1133 1764 sequitur
1186 1706 1483 1750 directionem

188 1760 291 1802 tubi
322 1760 427 1803 flexi
455 1795 467 1814 ,
499 1764 666 1806 deinde
697 1767 889 1823 erigitur
917 1798 928 1807 .

245 1820 504 1866 Porrectzmz
525 1856 538 1876 ,
569 1839 678 1867 cum
707 1827 835 1883 sequi
866 1827 1017 1884 pergit
1046 1825 1343 1869 directionem
1379 1828 1481 1870 tubi

188 1877 296 1921 flexi
323 1914 333 1923 .
808 1908 810 1910 ·

246 1939 497 1996 Inflexum,
529 1942 707 1986 labium
737 1942 931 1987 inferius
965 1959 1120 1988 versus
1149 1978 1159 1987 .
1205 1947 1325 1988 Huic
1378 1961 1483 1988 con-

187 2003 382 2044 trarium
415 2005 620 2060 reflexum
641 2037 652 2048 .

247 2060 482 2105 Falcatum
499 2097 510 2115 ,
542 2078 848 2122 compressum
871 2097 883 2117 ,
914 2064 1157 2108 ascendens
1177 2098 1188 2117 ,
1222 2081 1333 2108 arcu
1357 2065 1480 2110 facto

187 2117 406 2165 inflexum
436 2123 569 2166 falcis
606 2127 747 2167 instar
775 2158 786 2167 .

247 2180 534 2226 Fornicatzmz
557 2217 568 2236 ‚
599 2186 822 2240 galeatum
841 2219 851 2236 ,
887 2194 1120 2228 rostratam
1143 2220 1154 2237 ‚
1194 2189 1324 2245 apice
1370 2202 1478 2229 con—

189 2256 358 2285 vexum
382 2276 393 2296 ‚
427 2244 649 2290 fornicem
671 2280 683 2299 ,
730 2246 907 2306 galeam
941 2280 952 2299 ‚
981 2254 1178 2291 rostrum
1212 2247 1409 2291 referens
1432 2282 1441 2290 .
