1669 2563
1333 147 1419 191 315

197 253 396 310 incepti,
426 252 507 309 qui
538 249 594 291 ad
627 251 795 307 species
827 249 1087 307 plantarum
1119 250 1484 295 determinandas

193 314 420 370 praecipue
449 310 693 352 destinati.
734 309 943 366 Denique
992 313 1134 368 siquis
1171 314 1331 370 cupiat
1371 311 1482 354 Flo-

193 387 289 414 ram
319 370 583 427 Europaeam
606 369 822 425 penitius,
848 368 1208 429 diligentiusque
1237 386 1483 430 cognosce-

191 447 272 481 re,
302 429 471 472 habeat
499 442 587 486 prae
616 428 829 471 manibus
873 443 1011 487 opera
1062 433 1215 473 omnia
1244 447 1272 473 a
1312 432 1484 481 Jacobo

188 487 413 532 Edwardo
440 486 635 532 Smithio
667 486 910 531 Linnaeanae
954 488 1194 533 Societatis
1223 489 1485 533 Londinen-

189 552 250 592 sis
272 546 461 592 Praeside
484 579 496 598 ,
529 555 575 590 et
604 554 789 590 auctore
815 545 1030 607 evulgata
1057 579 1068 591 .
1099 549 1143 592 Is
1185 551 1305 593 enim
1331 582 1343 601 ,
1375 564 1482 593 cum

189 609 377 651 hortum
407 609 580 650 siccum
604 639 617 658 ,
647 605 978 650 bibliothecam
1024 606 1194 650 Linnaei
1214 640 1225 659 ,
1256 616 1303 650 et
1353 608 1486 652 sche-

189 668 270 710 das
299 669 398 726 ipsa
420 665 588 709 Linnaei
619 681 760 709 manu
792 675 1001 710 exaratas
1031 670 1346 726 aquisivisset,
1378 668 1483 711 doc-

188 729 357 770 trinam
399 727 545 784 ipsius
588 725 757 768 Linnaei
797 728 1063 785 aquisivisse
1100 730 1225 771 visus
1255 735 1351 778 est,
1391 742 1486 786 qua

185 802 284 830 rem
330 786 592 829 herbariam
640 801 667 828 a
713 796 989 830 novatorum
1043 789 1198 832 minus
1251 789 1484 846 sagacium

187 845 530 890 subtilitatibus
576 845 828 889 vindicavit
856 879 868 898 ,
920 855 966 890 et
1009 846 1188 905 plantas
1241 846 1486 906 Europaeas

188 908 529 965 pretiosissimis
562 906 962 950 observationibus
987 939 999 958 ,
1040 907 1416 966 nitidis-‚simisque
1450 909 1486 949 i-

186 967 381 1009 conibus
419 967 479 1009 ab
517 967 641 1008 omni
679 966 810 1008 amba
845 983 868 1008 e
904 968 1180 1019 extricavit,
1220 976 1274 1009 ut
1309 970 1487 1026 primus

188 1029 394 1069 omnium
419 1034 521 1085 post
551 1026 785 1071 Linnaeum
814 983 871 1069 <gie
903 1042 951 1070 re
982 1026 1196 1072 herbaria
1225 1036 1380 1072 nostra
1402 1028 1485 1072 be-

187 1103 244 1130 ne
276 1088 498 1130 meruerit
523 1117 534 1128 .

509 1203 751 1249 Conclusio
797 1207 936 1248 totius
978 1206 1152 1263 operIs.

240 1325 287 1381 §.
324 1338 421 1384 191.
451 1324 602 1383 Atque
632 1323 708 1367 hic
741 1322 1108 1383 praelectionibus
1139 1328 1306 1371 nostris
1350 1326 1484 1369 finem

182 1385 348 1428 faciam
374 1417 386 1437 ‚
419 1386 591 1443 quibus
623 1384 920 1428 fundamenta
951 1386 1165 1428 doctrinae
1196 1387 1252 1429 dc
1282 1389 1402 1430 omni
1436 1404 1486 1430 re

181 1446 399 1488 herbaria
427 1447 579 1502 jacere
611 1448 772 1504 sategi,
803 1446 944 1504 idque
975 1461 1121 1489 unum
1152 1448 1304 1491 verbis
1341 1449 1487 1506 ipsius

181 1506 350 1548 Linnaei
381 1505 711 1565 botanophylis
750 1506 904 1548 recolo
935 1539 946 1558 ‚
989 1514 1127 1565 atque
1177 1508 1443 1552 commendo
1470 1524 1483 1550 ε

183 1599 215 1619 ,,
246 1566 507 1623 cognitione
561 1568 816 1625 specierum
868 1567 1003 1609 inniti
1058 1582 1238 1611 omnem
1293 1568 1487 1610 solidam

184 1660 216 1679 „
249 1626 555 1668 eruditionem
588 1626 852 1684 physicam,
873 1629 1210 1680 oeconomicam,
1241 1628 1484 1679 medicam,

183 1719 216 1739 ‚,
247 1688 340 1727 imo
373 1700 553 1728 omnem
574 1700 730 1730 veram
754 1689 1061 1744 cognitionem
1086 1687 1358 1739 humanam3
1381 1688 1486 1729 ideo

183 1779 217 1799 ‚‚
249 1760 343 1804 quo
375 1745 534 1803 plures
559 1747 801 1789 botanicus
829 1750 1009 1789 noverit
1039 1750 1233 1806 species,
1267 1763 1320 1791 eo
1345 1749 1486 1790 etiam

183 1839 216 1859 „
249 1808 534 1864 praestantior
568 1808 676 1849 erit.
699 1808 809 1849 Tiro
829 1810 959 1849 novit
979 1806 1144 1851 classes
1166 1842 1179 1861 ‚
1212 1808 1486 1852 candidatus

184 1899 216 1919 ,‚
249 1881 416 1926 genera
443 1899 456 1921 ,
487 1869 702 1927 magister
735 1866 961 1926 plurimas
991 1871 1164 1928 species
1194 1901 1205 1913 .

595 2047 758 2092 FINIS
798 2046 1012 2093 OPERIS
1040 2082 1048 2091 .
