1669 2563
1272 125 1287 153 1
1296 126 1319 167 7
1325 126 1351 169 9

182 203 510 262 Monoplzyllus
528 237 540 257 ,
571 204 766 261 sexfidus
785 237 797 255 ,
827 206 1044 261 octofidus
1074 220 1155 255 etc.
1175 245 1186 264 ‚
1231 215 1413 271 multzfi-

121 265 204 312 dus
233 267 290 308 ab
321 270 492 307 unitate
516 297 527 315 ,
559 273 638 306 aut
661 265 882 308 divisione
911 266 1012 308 folii
1046 302 1055 311 .

178 325 505 382 Polyphyllus,
531 323 858 382 pentaphyllus
883 357 895 377 ‚
928 328 1212 385 octophyllus
1255 340 1336 374 etc.
1380 349 1408 376 a

122 398 311 431 numero
343 383 609 431 foliolorum
626 415 641 431 .,

180 444 381 499 Simplex
403 475 414 493 ‚
448 443 616 499 duplex
644 442 703 486 ab
733 445 905 496 unico²
936 445 1010 488 vel
1042 447 1219 505 duplici
1252 450 1414 492 ordine

122 502 385 545 foliolorum
410 534 420 544 .

179 562 382 617 AEqaalis
419 594 430 612 ‚
485 562 717 618 itzaeqaalis
744 578 771 606 a
801 561 1070 608 foliolorum
1118 570 1414 625 proportione

118 623 237 669 inter
270 636 314 661 se
346 635 390 661 se
415 652 425 662 .

177 679 376 735 Longior
395 713 405 729 ‚
435 679 605 723 brevior
635 680 851 738 floribus.

175 739 440 788 Imbricatus
459 773 474 791 ‚v
504 740 650 783 factus
681 741 856 785 foliolis
879 775 891 796 ,
938 744 1030 786 sive
1082 747 1282 803 squamis
1327 748 1416 790 sibi

117 800 309 848 invicem
340 801 715 849 incumbentibus
743 834 753 844 .

176 858 347 900 Patens
366 892 380 911 ‚
414 862 546 903 laxus
571 877 597 902 a
627 861 801 905 foliolis
831 864 1001 921 apertis
1023 897 1034 915 ,
1067 868 1267 909 externis
1298 869 1416 910 inter

119 933 164 962 se
195 919 471 962 distantibus
495 953 506 971 ‚
535 924 717 969 remotis
734 954 745 964 .
1013 931 1015 934 “

177 978 395 1036 Reflexus
425 996 451 1021 a
482 980 655 1023 foliolis
687 984 965 1025 recurvatis.

176 1038 450 1095 Squarrosus
483 1056 510 1085 a
551 1041 723 1090 foliolis
768 1045 967 1095 strictis,
1013 1045 1142 1102 apice
1187 1060 1295 1088 vero
1344 1061 1418 1088 re-

122 1112 277 1140 curvls
297 1131 313 1147 .,

177 1158 447 1210 Scariosus²
472 1158 620 1202 factus
670 1163 869 1219 squamis
888 1194 908 1215 ,ὀ
951 1170 1033 1206 aut
1081 1165 1418 1222 appendicibus

122 1234 417 1276 squamarum
450 1222 659 1262 scariosis
684 1254 694 1263 .

180 1279 406 1322 Radiatus
435 1294 461 1321 a
492 1279 666 1323 foliolis
715 1283 889 1329 intimis
933 1280 1188 1341 elongatis,
1235 1284 1419 1328 colora·-

121 1340 178 1380 tis
197 1371 207 1380 .

178 1398 495 1456 Calyculatus,
528 1408 691 1443 auctus
723 1401 880 1444 ordine
910 1400 1178 1451 foliolorum
1213 1406 1330 1447 inter
1374 1420 1419 1448 se

121 1459 363 1516 aequalium
388 1462 510 1502 circa
540 1461 687 1502 basim
715 1494 725 1503 .

187 1518 232 1562 V
229 1522 468 1561 entricosus
491 1553 508 1570 2
535 1535 641 1568 cum
672 1521 771 1563 basi
804 1521 1034 1580 turgidior
1061 1554 1072 1565 .

179 1577 552 1635 Hemisplzaericus
584 1613 594 1630 ,
636 1581 844 1637 globosus
870 1614 882 1634 ,
928 1591 1120 1634 ovatus,
1165 1583 1380 1641 oblongus
1403 1617 1415 1636 ‚

120 1639 427 1698 cylindraceus.
451 1656 476 1681 a
507 1639 674 1683 forma.

180 1699 592 1755 Erecto-plamosus
625 1733 636 1752 ,
682 1703 1167 1760 recurvato-plumosas
1211 1719 1236 1745 a
1283 1719 1420 1762 squa-

121 1762 206 1806 mis
236 1763 487 1802 terminatis
519 1760 678 1817 pluma
708 1770 858 1803 erecta
883 1795 895 1813 ‚
927 1771 1008 1805 aut
1039 1773 1278 1806 recurvata
1304 1797 1313 1806 .

183 1818 372 1862 Ciliatus
396 1852 412 1873 ‚
441 1830 633 1863 serratus
663 1837 689 1863 a
721 1825 921 1879 squamis
946 1855 956 1874 ,
990 1838 1086 1880 quae
1131 1827 1253 1867 circa
1296 1840 1421 1866 mar-

124 1881 272 1937 ginem
302 1880 408 1937 pilis
437 1882 791 1925 membranaceis
810 1915 831 1935 ,‚
853 1882 927 1930 vel
973 1884 1187 1932 dentibus
1233 1900 1416 1927 sursum

123 1941 263 1982 versis
293 1949 398 1981 sunt
425 1943 652 1987 instructae
670 1975 683 1991 .,

183 1997 401 2055 Spinosus
425 2033 436 2052 ‚
488 2005 669 2045 inermis-
689 2018 716 2045 a
747 2005 951 2062 squamis
983 2005 1116 2062 spina
1147 2006 1413 2057 terminatis,

128 2057 203 2100 vel
237 2073 325 2100 non
347 2091 357 2101 .

185 2118 624 2177 Palmam-spinosus
667 2137 694 2164 a
735 2121 957 2170 fasciculo
991 2126 1225 2182 spinarum
1256 2140 1418 2168 manus

126 2178 269 2224 instar
312 2194 509 2237 expanso
540 2186 588 2232 in
624 2184 752 2240 apice
784 2198 1078 2240 squamarum
1105 2218 1116 2227 .

185 2238 669 2297 Duplicato-spinosus
718 2259 745 2290 a
792 2247 934 2301 spinis
982 2246 1244 2303 compositis
1269 2277 1281 2296 ,
1324 2247 1417 2288 sive

129 2301 318 2343 ramosis
347 2300 394 2342 in
426 2303 553 2359 apice
584 2317 876 2364 squamarum
901 2337 911 2348 .
