1669 2563
1290 142 1367 181 113

131 245 185 280 ut
212 239 259 281 in
289 238 511 282 Castanea
541 251 666 280 vesca
691 269 703 288 ‚
733 236 966 280 Berberide
990 240 1187 294 vulgari,
1221 241 1430 286 Phoenice

129 299 438 357 dactyilffera3
469 298 676 353 chymica
728 297 904 353 analysi
947 299 1130 341 aeidum
1159 302 1430 360 phosphori-

128 373 235 400 cum
267 359 553 416 suppeditare
584 357 770 407 dicitur,
801 373 894 414 qua
926 358 1111 414 quidem
1145 376 1192 401 re
1238 366 1427 420 propius

130 419 310 460 accedit
340 418 397 458 ad
426 419 571 474 ipsam
602 417 871 458 animalinm
903 419 1183 475 genituram3
1216 435 1320 461 cum
1354 424 1428 465 de-

125 479 291 520 ciderit
319 478 377 518 ab
422 476 611 517 anthera
658 475 947 519 foeeundandi
989 486 1256 534 potestatem
1299 481 1427 523 illico

125 553 216 579 non
244 538 426 586 amittit,
457 536 717 577 Palmaram
743 536 1011 594 pulvisculo
1045 538 1091 579 id
1117 538 1429 583 demonstran-

125 606 185 650 te,
211 605 256 638 et
281 596 518 638 Linnaeano
548 596 758 655 periculo
788 599 835 638 in
860 597 1091 655 Jatroplza
1120 609 1272 642 urente
1291 632 1301 642 .

298 715 529 758 Pistillum
544 748 554 757 .
587 714 799 760 Ovarium
822 749 831 759 .
850 716 1010 760 Stilus.
1034 717 1210 775 Stigma
1234 752 1244 761 .

178 833 226 891 ς.
259 834 361 877 351.
394 833 629 893 Organum
650 835 908 879 foemineum
929 835 1051 879 floris
1076 839 1247 881 dicitur
1267 840 1423 896 pistil-

118 895 225 946 lum,
257 898 306 936 in
335 910 428 953 quo
461 904 610 953 partes
640 905 746 948 tres,
774 901 999 949 ovarium,
1049 898 1199 951 stilus,
1233 903 1419 957 stigma.

117 954 349 1007 Ovariam,
378 956 504 1012 quod
536 971 708 1012 germen
738 959 920 999 dixerat
949 958 1171 1010 Linnaeus,
1190 961 1420 1017 turgidius

116 1023 212 1066 est,
248 1030 333 1057 ova
364 1016 627 1073 plantarum
658 1020 908 1068 continens,
941 1034 1039 1076 quae
1075 1034 1158 1076 ope
1204 1023 1420 1078 geniturae

117 1082 226 1133 apta
274 1073 390 1116 fiunt
438 1076 495 1117 ad
543 1080 740 1134 speciem
779 1081 945 1119 iterum
978 1080 1274 1136 gignendam.
1318 1081 1419 1121 Haec

115 1137 164 1176 in
194 1149 304 1186 uno,
334 1135 409 1177 vel
441 1135 656 1193 pluribus
690 1137 858 1179 loculis
908 1138 1205 1191 delitescunt,
1232 1141 1422 1182 haerent-

115 1210 206 1252 que
256 1198 390 1237 matri
415 1210 499 1252 ope
530 1196 747 1249 funiculi,
782 1206 826 1239 et
859 1197 1072 1254 placentae
1093 1231 1104 1249 ,
1138 1200 1194 1241 (le
1247 1201 1419 1257 quibus

115 1269 199 1296 suo
231 1254 368 1305 10c03
401 1264 646 1313 antequam
678 1260 888 1314 genitura
919 1259 1177 1300 irrorentur
1220 1261 1387 1302 inertia
1408 1293 1419 1310 ,

114 1329 197 1355 nee
229 1314 485 1371 plantulam
517 1319 648 1358 vitris
679 1317 753 1358 vel
780 1320 919 1358 etiam
950 1318 1241 1362 validissimis
1292 1335 1420 1362 mon-

115 1376 306 1416 strantia
330 1407 341 1425 ‚
375 1390 512 1431 quam
542 1376 799 1418 foecundata
829 1377 1099 1421 ostendunt.

175 1433 219 1490 §.
251 1435 352 1475 352.
371 1434 515 1476 Stilus
546 1438 693 1492 surgit
721 1438 779 1477 ab
803 1438 956 1477 ovatio
979 1439 1095 1480 tubae
1125 1440 1280 1489 instar3
1300 1438 1418 1481 mul-

114 1500 213 1534 tum
245 1496 395 1534 variat
423 1496 752 1544 crassitudine3
785 1510 906 1536 nunc
939 1496 1081 1548 solus,
1109 1514 1231 1539 nune
1258 1501 1416 1556 plures

113 1551 251 1594 simul
277 1585 289 1604 ‚
320 1568 441 1594 nunc
468 1556 658 1611 integer,
692 1570 813 1595 nune
868 1555 1041 1598 divisus
1061 1590 1072 1608 ,
1124 1559 1273 1599 canali
1327 1576 1417 1617 per.

112 1612 301 1670 longum
333 1613 473 1654 ducto
506 1615 697 1656 subinde
750 1624 1025 1666 excavatus,
1077 1626 1129 1658 ut
1181 1620 1228 1658 in
1272 1618 1411 1661 Cacto

111 1675 391 1728 triangulari,
424 1673 562 1716 Cacto
592 1676 861 1731 grandifloro
882 1707 899 1728 ,
929 1675 1204 1733 Amaryllide
1239 1678 1410 1735 formo-

109 1735 297 1785 sissima,
333 1733 530 1791 aliisque
551 1768 560 1776 .
587 1735 689 1785 Hic,
720 1738 914 1793 peractis
939 1740 1132 1794 nuptiis,
1159 1742 1411 1790 marcescit,

110 1792 209 1836 illie
243 1796 461 1851 persistit,
494 1794 568 1836 vel
600 1798 736 1837 etiam
780 1799 974 1839 crescit.
1029 1796 1083 1840 In
1133 1800 1414 1856 quibusdam

110 1850 299 1896 floribus
331 1855 456 1895 deest
484 1887 494 1896 .

168 1913 218 1969 §.
248 1915 348 1957 353.
379 1914 553 1970 Stigma
584 1930 688 1972 pars
718 1917 889 1958 extima
922 1916 1085 1974 pistilli
1111 1952 1122 1970 ,
1163 1918 1267 1960 stilo
1288 1952 1299 1970 ,
1334 1919 1407 1961 vel

112 1975 283 2024 ovano,
316 1989 420 2016 cum
454 1975 585 2016 stilus
616 1975 767 2017 deficit
787 2009 797 2027 ,
829 1980 982 2019 statim
1017 1979 1218 2021 insidens
1245 2013 1255 2022 .
1306 1979 1410 2021 Sca-

115 2039 182 2072 tet
214 2033 443 2090 glandulis
474 2031 695 2088 minimis,
719 2037 955 2079 humorem
983 2071 994 2088 ,
1034 2042 1319 2095 generatione
1349 2043 1414 2081 in-

113 2099 255 2134 stante
279 2126 291 2144 ,
334 2096 665 2138 exsudantibus
691 2115 701 2147 ;
744 2100 858 2140 mire
889 2098 1011 2140 ludit
1035 2099 1205 2150 forma3
1237 2104 1407 2157 tegitur

111 2151 389 2208 epidermide
421 2171 642 2213 perquam
669 2161 794 2199 tenui
819 2191 830 2209 ‚
863 2166 909 2200 et
938 2160 1085 2202 nitida
1103 2193 1114 2212 ‚
1151 2175 1248 2218 quae
1281 2164 1408 2219 geni-

109 2219 261 2253 turam
292 2217 491 2272 exeipit.

171 2272 216 2329 ξ.
249 2272 349 2328 354.
382 2274 548 2318 Totum
574 2274 802 2334 pistillum
855 2276 906 2321 fit
930 2281 1046 2324 vasis
1076 2279 1370 2339 lymphaticis
1390 2314 1402 2333 ,
