1669 2563
1325 137 1409 180 265

190 255 513 299 stabiliendum
544 249 698 293 valent
717 280 728 298 ‚
760 245 943 286 minime
985 242 1106 285 idem
1137 243 1184 283 in
1215 241 1361 283 altero
1405 258 1479 284 ne-

188 318 383 359 cessario
415 318 621 372 praestant
643 340 652 350 .
678 307 730 348 In
761 304 927 362 plantis
972 317 1081 344 vero
1133 304 1441 359 cryptogamis
1465 334 1477 351 ‚

189 378 237 417 in
256 376 424 433 quibus
445 366 807 414 fructificationis
837 377 1004 419 organa
1035 360 1169 417 longe
1199 364 1348 402 minus
1372 376 1481 403 evo-

191 435 294 477 luta
315 467 327 486 ‚
360 440 406 475 et
434 431 646 473 distincta
677 432 782 468 sunt
800 455 811 473 ‚
845 420 1051 480 profecto
1083 419 1285 476 reliquas
1310 429 1477 476 partes,

189 494 351 536 iisdem
401 489 582 547 organis
626 493 865 528 extraneas
893 513 905 532 ‚
951 480 1186 537 suppetias
1233 479 1482 521 condendis

190 552 432 612 generibus
461 549 579 591 ferre
609 544 744 588 facile
773 543 970 603 quisque
1013 538 1230 581 concedet
1263 538 1446 587 Jussiaeo
1471 572 1479 580 .

188 615 348 669 Itaque
381 611 464 668 qui
493 608 625 665 cupit
654 604 909 647 doctrinam
961 599 1209 642 herbarum
1259 597 1443 639 facilius
1471 630 1482 647 ,

188 674 418 727 citiusque
450 668 628 725 assequi
657 698 669 717 ,
722 661 967 722 generibus
1020 659 1271 700 Linnaeanis
1321 657 1485 714 digno—

190 731 366 774 scendis
415 730 561 787 primo
615 729 878 772 assuescat,
911 728 1156 777 antequam
1207 717 1263 758 ad
1309 719 1485 774 species

188 790 375 833 accedat
394 821 405 840 ,
438 804 521 831 nec
553 786 689 827 illuni
721 786 874 842 pigeat
911 782 1131 823 continuo
1161 792 1249 837 prae
1274 777 1487 819 manibus

188 851 358 892 habere
393 856 492 890 tum
525 847 693 889 Linnaei
719 844 891 886 Genera
918 842 1182 899 plantarum
1211 838 1316 879 edit.
1351 846 1487 879 sextce

190 911 384 953 Holmiae
423 908 549 965 1764.
575 939 586 957 ‚
638 914 736 946 tum
767 903 924 945 eadem
962 917 988 942 a
1019 899 1358 943 successoribus
1402 912 1489 937 au-

189 979 293 1021 cta,
333 978 379 1012 et
410 967 649 1011 emendata
676 998 687 1015 ‚
721 964 945 1022 praecipue
978 959 1166 1017 quidem
1198 974 1225 1000 a
1269 957 1490 1000 Schrebc-

191 1046 243 1073 ro
274 1028 563 1085 Francofurti
606 1026 668 1067 ad
710 1023 914 1067 Moenum
968 1023 1093 1078 1789.
1154 1033 1279 1076 1791.
1309 1050 1321 1068 ‚
1354 1025 1399 1058 et
1429 1018 1488 1058 ab

189 1090 398 1145 Haenkio
436 1089 478 1133 V
479 1086 707 1130 indobonoe
738 1098 880 1140 1791„
905 1096 987 1121 nec
1019 1095 1109 1121 non
1130 1079 1369 1121 Laurentii
1402 1077 1491 1117 An-

191 1153 310 1193 tonii
331 1150 504 1199 Jussiaei
535 1147 707 1190 Genera
730 1145 994 1201 plantarum
1018 1173 1030 1192 ,
1064 1140 1119 1181 de
1150 1138 1321 1197 quibus
1353 1152 1491 1194 supra

192 1210 382 1268 loquuti
409 1223 582 1258 sumus,
614 1214 667 1247 ut
691 1204 906 1247 sileamus
930 1201 986 1242 de
1017 1199 1211 1258 reliquis
1238 1199 1332 1255 jam
1365 1196 1493 1240 evul-

196 1274 314 1330 gatis
338 1303 350 1322 ‚
376 1268 451 1312 vel
481 1283 579 1327 quae
608 1280 730 1308 nunc
761 1262 1040 1320 evulgantur
1062 1292 1073 1302 .

252 1392 272 1445 (
303 1389 511 1432 OBSERV.
550 1386 732 1428 Tirones
762 1383 833 1425 hic
876 1395 995 1438 saepe
1042 1380 1271 1423 exercendi
1318 1380 1365 1420 in
1413 1378 1492 1419 de-

194 1451 477 1492 terminandis
500 1445 724 1490 ordinibus
751 1478 762 1497 ,
779 1443 975 1502 familiis
997 1475 1008 1494 ‚
1041 1450 1084 1484 et
1111 1438 1340 1497 generibus
1359 1451 1492 1496 super

194 1514 313 1555 vivas
336 1511 526 1567 plantas
557 1509 606 1565 ).

715 1685 869 1729 CAPUT
899 1683 957 1726 V.

255 1871 327 1913 DE
357 1880 719 1912 CHARAGTERIBUS
740 1879 820 1906 PRO
840 1875 1171 1905 DIGNOSGENDIS
1194 1872 1428 1901 SPECIEBUS

495 1940 767 1971 PLANTARUM
787 1935 1187 1967 PHAENOGAMARUM.

748 2045 904 2089 Radix
926 2078 936 2087 .

255 2170 300 2225 §.
330 2170 423 2225 147.
448 2168 596 2211 Radix
625 2166 885 2224 plantarum
917 2164 1312 2222 phaenogamaruin
1339 2159 1491 2199 detor-³

202 2232 398 2271 minatur
429 2244 455 2270 a
484 2232 581 2271 vitae
609 2230 709 2283 ejus
740 2235 943 2282 tempore
962 2257 973 2275 ,
1004 2240 1030 2264 a
1057 2225 1146 2264 situ
1174 2256 1185 2274 ‚
1221 2237 1248 2262 a
1278 2219 1493 2262 substan==

202 2293 263 2332 tia
282 2323 293 2342 ‚
320 2289 467 2331 forma
494 2321 504 2339 ,
534 2296 580 2330 et
609 2288 858 2329 directione
887 2318 895 2327 .
927 2285 1109 2327 Dicitur
