1669 2563
273 173 330 216 60

209 264 408 318 vicissim
438 290 546 319 vero
581 283 772 318 externae
803 284 953 335 partes
985 293 1139 336 parem
1189 279 1489 321 resistentiam

207 337 507 379 interioribus
537 337 759 393 objiciant
783 369 794 387 ,
827 337 972 379 caulis
1011 354 1134 394 aeque
1179 346 1297 379 teres
1337 339 1492 380 evadit

208 413 289 454 per
321 405 463 439 totam
491 395 827 454 longitudinem
859 412 987 439 suam
1012 432 1021 441 .
1054 398 1106 439 Id
1137 406 1288 439 tamen
1338 399 1496 440 obtin-

207 459 275 514 git
296 489 306 506 ,
347 472 452 499 cum
481 460 816 499 nutrimentum
842 460 1005 514 quovis
1035 465 1235 515 tempore
1260 457 1380 499 idem
1401 466 1492 509 est3

207 517 425 558 alimento
455 519 575 558 enirn
605 517 987 575 quandocumque
1018 516 1250 560 deficiente
1273 549 1284 568 ,
1315 522 1494 559 externi

208 592 423 619 vasorum
451 576 686 628 fasciculi,
719 579 799 635 qui
830 579 877 618 in
908 592 1024 619 nova
1053 577 1200 620 caulis
1231 577 1495 636 productio-

205 652 261 677 ne
306 637 583 678 evolvuntur
608 669 620 688 ,
651 639 790 678 citius
821 639 1052 694 rigescunt
1079 670 1091 689 ‚
1121 645 1167 679 et
1189 669 1202 688 ‚
1247 639 1494 695 quominus

205 696 446 753 ampliatio
470 696 616 738 caulis
645 697 818 756 integre
848 696 1130 755 perficiatur,
1162 697 1420 755 impediunt
1450 729 1459 739 .

265 757 309 811 ξ.
338 771 437 798 222.
467 757 610 815 Atqui
641 757 731 798 haec
762 765 830 798 est
859 757 943 799 illa
972 760 1071 815 ipsa
1101 765 1334 799 structura
1359 756 1494 814 plan-

205 822 355 857 tarum
385 816 927 872 monocotyledonearum
956 850 967 868 ,
998 832 1137 875 quam
1169 816 1279 858 olim
1318 816 1493 858 detexit

203 875 502 933 Malpighius,
534 884 581 918 et
609 877 852 934 diligenter
875 892 958 935 pro
980 892 1104 919 more
1135 891 1218 918 suo
1249 876 1491 934 descripsit

208 936 458 988 (Anatom.
492 936 556 993 pl.
588 936 783 978 Londini
821 937 945 993 1675.
979 946 1090 978 tom.
1129 951 1165 977 1.
1198 952 1242 995 p.
1265 936 1307 978 6.
1333 951 1374 992 7.
1402 951 1491 986 21„

204 996 357 1051 Opera
389 1010 509 1037 omn.
544 995 691 1052 Lugd.
724 996 880 1038 Batav.
919 995 1042 1051 1687.
1076 1012 1122 1052 p.
1155 998 1224 1049 24.
1258 996 1329 1037 25.
1356 997 1428 1039 38.
1453 999 1489 1050 ),

204 1055 432 1112 quidquid
463 1055 547 1095 hac
578 1055 633 1097 de
666 1071 713 1096 re
743 1055 984 1097 Gallorum
1014 1055 1202 1112 quidam
1233 1054 1379 1096 veluti
1416 1057 1489 1096 in-

205 1124 395 1155 ventum
434 1129 567 1156 suum
614 1115 935 1172 perhibuerint
963 1147 974 1165 ‚
1011 1113 1253 1171 Malpighii
1300 1112 1453 1156 verbis
1478 1147 1491 1164 ,

205 1174 464 1232 Malpighio
510 1175 759 1217 insalutato
791 1207 804 1226 ‚
855 1175 1186 1232 propemodum
1242 1177 1494 1232 transcrip-

204 1235 263 1274 tis
292 1266 303 1275 .

260 1351 415 1396 Caulis
437 1353 692 1411 peculiaria
733 1354 779 1395 in
825 1352 1086 1410 quibusdam
1130 1354 1431 1411 mon0C0tyle-

758 1416 910 1457 doneis
941 1445 952 1456 .

270 1533 314 1589 §.
347 1537 446 1574 223.
479 1532 616 1574 Nunc
648 1533 705 1574 ad
737 1533 992 1590 peculiaria
1034 1533 1238 1590 quaedam
1287 1541 1492 1574 transea-

202 1609 304 1635 mus
333 1626 343 1643 ‚
387 1608 485 1649 quae
537 1592 773 1633 nonnullis
820 1592 1272 1647 monocotyledoneis
1321 1591 1491 1650 plantis

203 1654 439 1696 solemnia.
471 1652 523 1693 In
554 1652 806 1709 Asparagis
836 1667 1038 1694 crassum
1066 1652 1303 1694 cellularis
1335 1660 1489 1693 textus

206 1722 400 1755 stratum
432 1713 517 1754 sub
548 1713 826 1769 epidermide
857 1712 1084 1754 delitescit
1115 1716 1262 1770 specie
1288 1713 1489 1762 corticis,

203 1783 250 1815 at
282 1774 464 1814 corticis
494 1787 585 1813 non
614 1776 710 1814 veri
738 1805 748 1814 .
785 1773 1013 1825 Quorsum
1046 1773 1129 1815 id?
1161 1773 1489 1815 Reconduntur

201 1836 249 1874 in
281 1834 366 1873 hoc
398 1840 541 1874 strato
571 1847 750 1890 gemmae
778 1865 790 1882 ,
828 1841 873 1874 et
917 1835 1251 1874 nutrimentum
1297 1834 1356 1874 ab
1404 1831 1490 1872 illo

201 1894 423 1934 hauriunt
451 1925 462 1943 ‚
495 1900 549 1933 ut
580 1894 834 1950 germinent
859 1925 871 1943 ‚
902 1900 947 1933 et
979 1892 1216 1935 solvantur
1249 1895 1296 1933 in
1322 1906 1488 1934 ramos.

201 1954 419 2006 Quinimo
449 1985 460 2004 ‚
508 1953 619 1994 dum
658 1953 744 1994 hoc
787 1954 1015 2009 contingit
1040 1985 1051 2003 ‚
1099 1952 1312 1995 fasciculi
1356 1951 1491 1994 fibra-

202 2029 306 2055 rum
346 2028 402 2054 ex
434 2013 750 2057 observatione
785 2013 982 2055 Auberti
1018 2013 1095 2054 Du
1133 2013 1254 2054 Petit
1279 2012 1490 2054 Thouars

203 2074 263 2115 ab
295 2072 587 2115 evolutarum
632 2088 916 2130 gemmarum
962 2073 1060 2115 basi
1106 2076 1320 2114 oriuntur
1349 2105 1361 2122 ‚
1406 2073 1489 2129 qui

204 2133 280 2175 vel
311 2149 337 2174 a
367 2133 683 2190 superioribus
715 2132 772 2174 ad
818 2133 1018 2175 radicem
1063 2132 1344 2175 descendunt
1372 2164 1383 2182 ,
1414 2130 1489 2173 vel

206 2210 232 2235 a
265 2197 453 2250 gemmis
501 2193 668 2234 radicis
709 2191 767 2234 ad
803 2195 1040 2251 superiora
1089 2193 1400 2242 contendunt,
1443 2202 1489 2232 et

203 2255 346 2295 robur
394 2256 545 2295 trunci
586 2253 848 2311 adaugent.
895 2251 966 2294 Ex
997 2268 1090 2310 quo
1138 2252 1213 2304 fit,
1261 2261 1316 2295 ut
1339 2252 1488 2308 Aspa-

208 2317 306 2370 ragi
337 2313 798 2370 dicotyledonearum
828 2328 953 2356 more
978 2346 988 2364 ,
1020 2329 1110 2356 non
1134 2323 1283 2357 tamen
1313 2313 1448 2356 modo
1473 2345 1485 2362 ,
