1669 2563
223 179 274 208 10

215 268 261 325 §.
296 271 368 325 39.
402 263 735 321 Dutrochet3us²
769 264 850 320 qui
901 263 1077 321 ubique
1127 258 1251 302 videt
1299 273 1439 319 grana

157 343 239 371 sua
275 341 439 370 nervea
461 359 474 377 ,
505 339 557 366 ea
587 324 702 366 vidit
733 338 919 381 quoque
950 327 996 364 in
1016 322 1276 364 membrana
1298 324 1442 378 spiras

156 387 446 431 trachearum
479 392 774 428 connectente
794 416 804 434 ‚
829 383 903 425 vel
918 384 1089 440 inipsis
1134 383 1283 439 spiris,
1306 382 1443 424 dicit-

155 463 270 506 que,
292 463 433 505 grana
460 445 550 487 haec
571 459 710 502 quam
731 443 957 486 levissime
982 443 1206 484 adhaerere
1229 441 1440 493 tracheis‚

153 524 236 550 nec
278 509 398 549 intra
430 506 729 548 substantiam
760 519 918 545 earum
948 502 1080 560 defigi
1106 535 1117 553 ,
1150 510 1203 542 ut
1233 503 1279 542 in
1323 502 1444 559 pori-

152 567 262 610 feris
293 568 419 610 tubis
441 567 665 623 contingit
690 597 700 606 .
722 564 872 617 Quare
893 563 1029 606 facile
1051 563 1154 620 quis
1178 561 1400 619 intelligit
1429 594 1441 614 ,

154 628 246 671 haec
280 643 373 671 esse
405 626 489 668 illa
519 627 618 684 ipsa
649 640 790 683 grana
843 625 1103 666 substantiae
1135 622 1407 679 vegetabilis
1430 654 1441 673 ‚

154 703 251 746 quae
302 690 352 730 in
401 687 523 728 omni
576 684 838 743 plantarum
861 692 992 726 textu
1015 698 1124 741 saepe
1161 690 1441 724 occurrunt.

213 749 258 804 §.
306 751 380 802 40.
413 746 642 789 vasorum
672 760 822 787 aerem
854 747 1081 802 praecipue
1107 743 1445 785 continentium

153 808 278 850 modi
310 822 464 849 omnes
492 806 733 863 hucusque
765 805 984 862 descripti
1016 805 1279 861 proximum
1324 805 1444 844 inter

154 882 200 909 se
233 883 276 910 se
308 867 465 910 locum
496 874 650 908 tenent
680 868 800 906 intra
832 865 1037 923 plantam
1062 896 1071 906 .
1106 862 1298 919 Insuper
1347 877 1446 919 quae

153 927 310 986 planta
334 942 496 985 parvas
526 926 667 969 habet
690 925 896 968 tracheas
919 939 1064 974 veras,
1096 937 1236 979 parva
1261 937 1447 979 quoque

153 990 272 1045 gerit
302 987 481 1045 reliqua
503 986 821 1042 hujuscemodi
845 1000 952 1027 vasa
969 1017 980 1036 ,
1006 991 1051 1025 et
1081 984 1282 1024 vicissim
1308 1014 1318 1023 .
1355 983 1447 1025 Ve-

154 1050 217 1090 ris
247 1048 444 1091 tracheis
474 1048 522 1088 in
554 1054 650 1088 toto
703 1045 951 1104 vegetabili
997 1041 1315 1086 deficientibus
1339 1075 1350 1094 ,
1403 1050 1449 1085 et

153 1115 311 1151 caetera
340 1106 560 1150 deficiunt
589 1105 784 1149 aerifera
813 1120 919 1148 vasa
937 1137 947 1147 .

214 1168 258 1223 §.
291 1171 362 1222 41.
393 1167 453 1209 At
483 1182 779 1224 quaecumque
810 1169 888 1227 ¹sit
918 1178 1078 1207 eorum
1101 1163 1272 1214 forma,
1296 1163 1449 1204 omnia

152 1227 227 1269 vel
258 1227 441 1285 liquore
470 1241 618 1270 vacua
647 1228 772 1268 intus
806 1232 1057 1269 occurrunt
1080 1255 1091 1273 ‚
1142 1222 1217 1264 vel
1267 1222 1449 1279 liquore

152 1302 366 1344 spumoso
399 1287 635 1344 replentur
654 1319 663 1328 .
696 1285 805 1328 Ideo
835 1301 986 1326 aerem
1017 1298 1124 1326 cum
1155 1281 1408 1339 Malpighio
1435 1315 1448 1334 ‚

151 1349 580 1405 recentioribusque
605 1347 664 1387 ab
686 1346 847 1387 iisdem
866 1344 977 1386 ferri
1011 1350 1188 1385 certum
1205 1351 1271 1384 est
1290 1350 1450 1385 contra

152 1405 447 1449 Reichelium
474 1438 485 1457 ,
525 1404 794 1447 Mirbelium
821 1437 833 1454 ,
865 1403 1206 1446 Dutrochetum
1230 1434 1240 1443 .

212 1467 257 1521 ς.
288 1469 361 1520 42.
395 1466 646 1508 Novissimi
677 1464 726 1504 hi
756 1462 832 1505 vel
864 1478 890 1504 a
911 1461 1132 1520 periculis
1152 1463 1200 1502 in
1220 1461 1345 1519 ligno
1369 1461 1449 1503 de·-

151 1533 336 1567 mortuo
367 1527 591 1566 institutis
614 1556 626 1574 ‚
659 1523 784 1579 quod
815 1522 1020 1580 liquores
1049 1521 1279 1564 coloratos
1336 1522 1449 1564 hau-

153 1586 216 1626 rit
245 1601 325 1642 per
369 1583 577 1626 tracheas
606 1583 785 1624 viribus
816 1583 1105 1625 attractionis
1124 1613 1141 1634 ,
1170 1581 1244 1623 vel
1274 1582 1333 1624 ab
1360 1583 1449 1638 hy·-

149 1645 420 1703 pothesibus
457 1643 636 1700 decepti
659 1659 899 1700 perperam
923 1649 1186 1684 statuerunt
1207 1639 1446 1699 lympham

151 1705 416 1763 plantarum
448 1703 795 1746 adscendentem
821 1735 831 1754 ‚
863 1702 937 1746 vel
970 1702 1317 1746 descendentem
1344 1718 1450 1745 suc-

151 1779 261 1808 cum
291 1781 318 1807 a
351 1764 549 1807 tracheis
582 1763 723 1806 duci.
759 1764 889 1806 Tunc
921 1766 1042 1806 enim
1075 1762 1209 1804 nulla
1253 1762 1412 1820 planta
1436 1795 1448 1813 ‚

153 1841 250 1882 quae
281 1824 594 1868 trachealibus
624 1826 744 1866 vasis
774 1831 900 1867 caret
923 1857 933 1876 ,
966 1823 1039 1866 vel
1072 1838 1168 1881 quae
1215 1825 1271 1864 iis
1324 1825 1448 1864 senio

152 1886 398 1929 destructis
430 1884 715 1936 destituitur,
750 1892 902 1943 posset
931 1884 1085 1927 vivere
1110 1916 1121 1935 ,
1162 1883 1290 1941 quod
1334 1898 1448 1926 con-

153 1953 226 1988 tra
256 1947 582 2004 experientiam
611 1952 678 1987 est
702 1976 710 1986 .

213 2007 257 2062 §.
288 2010 360 2061 43.
393 2006 639 2063 Quidquod
661 2004 936 2064 Hedwigius,
959 2002 1291 2061 Mirbeliusque
1306 2002 1451 2061 hypo-

151 2067 359 2111 thesibus
387 2070 530 2126 magis
560 2068 793 2125 magisque
813 2066 1100 2124 indulgentes
1121 2064 1241 2105 idem
1260 2078 1339 2106 vas
1356 2072 1451 2106 tota

152 2129 251 2184 ejus
289 2127 575 2186 longitudine
611 2127 776 2169 ludens
807 2127 960 2169 videre
992 2127 1079 2168 sibi
1111 2127 1196 2167 visi
1230 2133 1350 2175 sunt,
1373 2124 1449 2166 hic

154 2189 242 2230 sub
280 2187 428 2231 forma
459 2189 649 2232 tracheae
683 2203 795 2230 verae
820 2221 831 2240 ‚
854 2188 953 2231 illic
1009 2187 1094 2228 sub
1145 2184 1292 2226 forma
1345 2185 1449 2227 tubi

153 2252 361 2314 poriferi‚
393 2253 468 2297 vel
498 2253 619 2297 falsae
650 2250 856 2302 tracheae,
889 2250 962 2293 vel
992 2249 1095 2291 tubi
1122 2246 1454 2306 strangulatio-

154 2316 292 2360 nibus
312 2316 548 2360 constricti
576 2347 588 2368 ,
619 2317 697 2360 eui
729 2315 844 2358 vasis
868 2315 997 2355 mixti
1021 2324 1183 2353 nomen
1210 2307 1450 2352 fecerunt?
