1669 2563
266 119 350 160 238

261 219 519 276 Hypogoei‚
550 233 656 260 cum
688 225 908 277 perpetuo
959 226 1188 261 remanent
1234 218 1319 261 sub
1369 224 1491 259 terra

201 281 247 320 in
279 281 607 336 germinatione
626 312 636 321 .
668 279 746 320 His
776 281 992 322 contrarii
1025 281 1180 337 epigaei
1205 311 1214 320 .

260 340 303 395 ς.
337 341 407 383 86.
441 338 627 382 Collum
659 348 847 380 vocatur

258 400 509 442 Ascendens
531 432 542 450 ‚
575 413 680 439 cum
707 401 751 439 in
782 401 1107 456 germinatione
1139 398 1349 454 sequitur
1382 394 1491 452 plu·-

197 458 370 501 mulam
394 492 406 510 ,
438 459 540 500 ideo
571 456 661 500 fert
689 458 984 516 cotyledones
1003 460 1214 517 epigaeos.
1247 457 1365 498 Huic
1385 470 1491 497 con-

198 522 392 561 trarium
416 519 680 561 descendens
697 551 707 561 .

256 579 299 634 §.
333 580 404 636 87.
437 577 662 621 Radicula
692 586 760 620 est

261 638 308 682 V
305 640 457 680 isibilis
475 671 486 690 ,
518 637 744 681 invisibilis
774 645 876 680 ante
906 637 1281 696 germinationem
1299 669 1308 677 .

256 697 569 741 Coleorhizata
587 730 598 748 ‚
636 699 758 739 nuda
776 730 785 739 .

255 757 516 800 Prominens
557 765 689 802 extra
736 764 958 814 punctum
1009 757 1269 799 insertionis
1318 752 1494 809 cotyle-

200 818 374 859 (lonum
397 850 407 860 .

255 876 471 919 Retracta
499 878 619 917 intra
648 873 944 930 cotyledones
963 907 975 926 ,
999 877 1080 932 qui
1106 874 1208 915 ideo
1241 872 1495 916 radiculam

197 936 428 977 excedunt
453 969 464 979 .

258 995 451 1038 Gracilis
475 1029 486 1046 ‚
519 992 794 1036 sabrotanda
825 1027 835 1044 ‚
865 1002 1027 1045 ovata,
1060 994 1218 1035 conica
1236 1024 1247 1043 ,
1279 991 1461 1033 clavata
1483 1025 1494 1043 ‚

203 1065 340 1098 acuta
361 1089 373 1108 ‚
407 1056 566 1099 obtusa
593 1086 605 1104 ‚
642 1054 778 1111 longa
806 1086 819 1105 ,
864 1052 1001 1097 brevis
1022 1086 1034 1106 ‚
1065 1053 1255 1110 simplex
1279 1084 1290 1104 ,
1323 1052 1497 1093 mamil-

198 1117 299 1158 losa
329 1148 339 1158 .

257 1175 489 1232 Depressa
518 1175 577 1217 ab
609 1177 738 1233 apice
769 1174 915 1216 basim
945 1186 1105 1215 Versus
1123 1204 1134 1214 .

257 1235 534 1286 Rectilinea,
564 1245 711 1286 recta,
743 1234 860 1276 idest
890 1234 937 1274 in
967 1233 1125 1275 eodem
1152 1247 1237 1273 axe
1261 1245 1369 1273 cum
1395 1229 1496 1288 plu-

197 1295 323 1338 mula
347 1329 358 1348 ,
390 1305 471 1338 aut
502 1295 884 1352 cotyledonibus.
917 1292 1036 1334 Huic
1071 1293 1301 1335 contraria
1347 1305 1496 1333 recar-

195 1366 302 1398 vata
328 1389 340 1407 ,
400 1356 513 1399 dum
567 1365 717 1399 tamen
768 1361 1017 1398 curvatura
1073 1369 1156 1396 sua
1205 1351 1382 1394 accedit
1437 1352 1494 1393 ad

197 1416 349 1458 hilum
373 1449 383 1459 .

260 1477 505 1533 Regressa,
530 1491 626 1534 quae
650 1482 890 1519 recurvata
913 1507 923 1525 ,
955 1481 1001 1516 et
1033 1474 1091 1515 ab
1122 1471 1220 1514 hilo
1252 1471 1466 1514 recedens
1485 1504 1496 1513 .

255 1536 481 1579 Lateralis
500 1570 512 1589 ‚
543 1551 640 1595 quae
670 1537 872 1578 nascitur
897 1535 954 1576 acl
986 1534 1109 1576 latus
1152 1531 1377 1575 cauliculi
1426 1547 1498 1574 su-

197 1598 404 1639 stinent1s
430 1596 690 1656 plumulam
709 1630 719 1639 .

255 1656 453 1699 Adversa
474 1690 486 1709 ,
536 1657 714 1699 obversa
738 1688 749 1709 ,
802 1670 911 1697 cum
961 1654 1148 1711 respicit
1196 1652 1255 1694 ad
1306 1650 1455 1692 hilum
1482 1668 1494 1699 ;

194 1716 320 1773 quod
350 1732 457 1759 cum
488 1716 599 1760 facit
622 1720 750 1775 apice
783 1729 865 1756 suo
889 1747 900 1766 ‚
933 1714 1105 1755 dicitur
1136 1714 1297 1754 directe
1341 1713 1494 1752 adver-

196 1791 282 1826 sa,
328 1776 402 1818 vel
453 1776 724 1834 simpliciter
771 1777 988 1827 adversa,
1034 1773 1118 1815 ubi
1160 1786 1269 1815 vero
1318 1770 1496 1821 latere,

195 1843 387 1878 vocatur
418 1837 663 1880 lateraliter
689 1836 878 1877 adversa
895 1866 905 1876 .

255 1895 443 1939 Inversa
466 1929 477 1949 ‚
511 1911 688 1948 aversa,
716 1895 928 1938 incedens
956 1892 1208 1936 directione
1231 1890 1329 1933 hilo
1363 1905 1490 1949 pror-

201 1971 278 1999 sus
310 1958 566 1999 contraria.

257 2015 565 2073 Superficialis
585 2047 597 2067 ,
629 2029 737 2056 cum
768 2016 815 2056 i'n
847 2014 1015 2055 semine
1046 2012 1233 2070 praedito
1270 2013 1499 2069 perisper-

199 2084 319 2118 mate
350 2079 568 2135 pertingit
598 2075 656 2117 ad
686 2072 970 2132 superficiem
1001 2071 1250 2130 amygdalae
1279 2103 1289 2113 .

259 2135 457 2193 Supera,
490 2138 586 2178 alta
609 2168 619 2186 ‚
653 2150 757 2176 cum
790 2135 975 2191 respicit
1005 2133 1062 2174 ad
1087 2134 1261 2190 apicem
1295 2130 1490 2173 seminis.

200 2197 318 2239 Huic
350 2199 578 2241 contraria
603 2197 819 2246 demissa,
852 2197 943 2237 sive
976 2194 1219 2252 respiciens
1252 2192 1309 2234 ad
1354 2192 1498 2234 basim

206 2272 388 2300 seminis
412 2290 421 2299 .
