1669 2563
1305 175 1355 215 81

187 280 233 338 §.
266 280 365 324 265.
396 279 503 323 Non
544 279 689 320 omnis
743 285 862 318 terra
920 276 977 317 ad
1014 290 1108 319 rem
1151 285 1257 336 apta,
1281 312 1291 329 ,
1343 277 1419 319 sed

128 356 227 398 quae
258 340 394 383 facile
422 356 449 382 a
479 339 712 381 radicibus
750 343 1014 394 penetratur
1033 369 1044 386 ‚
1084 352 1181 394 quae
1225 338 1421 395 liquidas

129 399 768 454 substantias‚cujuscunque
801 404 970 438 naturae
995 398 1084 438 sint
1103 429 1114 446 ‚
1147 400 1421 438 nutrimento

128 460 386 519 plantarum
417 466 694 515 opportunas
723 459 894 514 excipit
916 489 928 507 ,
959 463 1004 497 et
1045 456 1276 497 moderate
1321 458 1424 496 reti-

129 529 241 571 net;
272 534 393 576 aeque
422 519 543 559 enim
577 524 737 567 nocet,
771 531 870 574 quae
902 523 1092 576 excepta
1121 514 1263 558 fluida
1291 515 1422 557 illico

129 581 326 628 amittit,
359 585 442 619 aut
471 577 651 619 diutius
681 584 829 619 servat
852 608 864 618 .

188 638 232 695 ς.
265 636 363 680 266.
395 637 590 689 Quidam
620 644 790 678 naturae
819 637 990 678 curiosi
1025 644 1191 677 terram
1223 649 1306 693 pro
1337 648 1417 674 ve-

127 696 284 740 hiculo
316 704 494 738 tantum
523 698 728 739 nutriciae
757 697 1016 739 substantiae
1048 696 1217 738 habent
1241 728 1252 746 ,
1284 694 1423 750 idque

128 758 324 815 probare
355 765 578 799 conantur
625 773 682 799 ex
725 771 960 814 nunquam
1009 757 1251 797 immutato
1299 763 1425 795 terrae

128 817 348 875 pondere,
381 819 428 858 in
458 833 551 874 qua
583 817 740 875 planta
770 819 948 874 viguit,
982 831 1039 858 ex
1085 815 1256 873 plantis
1306 816 1425 856 intra

128 892 294 935 aquam
325 876 613 929 distillat-am,
648 885 731 919 aut
762 877 1023 918 humentem
1054 890 1263 918 muscum
1284 907 1294 925 ,
1328 868 1425 930 {gos-

126 939 325 995 sipium,
351 937 522 995 lignive
568 952 773 980 rasuram
825 939 984 995 positis
1010 968 1022 987 ,
1068 950 1166 993 quae
1198 935 1279 976 diu
1331 937 1426 975 sine

131 1005 252 1039 terra
280 1000 499 1039 vixerunt
523 1029 535 1040 .
567 997 628 1039 At
656 997 868 1054 chymica
890 997 1197 1039 recentiorum
1222 993 1424 1050 analysis

127 1072 233 1099 cum
259 1065 384 1100 terrae
414 1059 641 1116 principia
667 1090 679 1109 ‚
711 1060 758 1099 in
788 1072 882 1115 qua
931 1057 1091 1115 planta
1127 1055 1218 1096 fuit
1244 1087 1255 1106 ,
1288 1069 1427 1112 quam

127 1119 378 1160 certissime
418 1121 465 1159 in
495 1120 594 1175 ipsa
625 1118 783 1176 planta
832 1120 1084 1174 repererit,
1131 1115 1256 1157 clare
1305 1121 1429 1172 patet

130 1178 324 1220 humum
343 1209 355 1228 ‚
387 1179 470 1219 ubi
499 1177 589 1220 haec
620 1180 793 1220 consita
811 1209 822 1228 ‚
849 1187 1025 1234 partem
1051 1175 1255 1233 aliquam
1277 1175 1423 1215 nutri-

135 1239 280 1279 menti
313 1237 459 1278 eidem
510 1239 775 1294 praebuisse.
810 1238 957 1294 Igitur
1006 1238 1159 1278 minus
1213 1241 1432 1276 accurata

132 1296 270 1338 fuisse
296 1296 501 1354 pericula
521 1313 547 1338 a
572 1306 697 1339 terrae
719 1298 915 1355 pondere
936 1310 1169 1353 nunquam
1189 1296 1429 1335 imminuto

131 1357 373 1414 desumpta
403 1357 638 1399 fatendum
668 1366 736 1399 est
759 1390 769 1408 ,
795 1372 874 1398 neo
901 1356 1055 1398 deerat
1076 1365 1197 1397 terra
1219 1355 1431 1395 substan-

132 1419 209 1458 tiis
238 1415 364 1467 illis,
397 1418 445 1457 in
489 1419 659 1473 quibus
704 1417 865 1474 plantae
912 1423 1165 1465 steterunt,
1197 1428 1304 1455 cum
1356 1412 1431 1454 vel

132 1477 230 1533 ipsa
261 1491 381 1532 aqua
411 1476 633 1518 distillata
652 1508 662 1526 ‚
695 1485 777 1518 aut
807 1491 904 1533 quae
934 1491 957 1517 e
988 1475 1095 1517 caelo
1140 1474 1398 1514 demittitur
1418 1505 1430 1523 ‚

132 1536 241 1577 lieet
271 1538 521 1593 purissimae
552 1537 757 1576 omnium
787 1566 798 1585 ‚
830 1549 1069 1591 nunquam
1101 1540 1250 1574 tamen
1276 1534 1433 1573 terreIS

132 1594 376 1654 particulis
437 1595 746 1636 destituantur
774 1626 784 1636 .
816 1594 950 1646 Quod
977 1594 1124 1652 siquis
1150 1592 1319 1633 dixerit
1342 1600 1433 1632 ter-

135 1671 231 1697 ram
260 1688 272 1707 ‚
317 1670 414 1712 quae
456 1657 503 1696 in
536 1655 694 1712 planta
739 1658 966 1712 reperitur
992 1685 1004 1704 ‚
1058 1654 1117 1694 ab
1158 1654 1268 1710 ipsis
1305 1651 1432 1708 plan-

136 1724 186 1757 tae
237 1715 474 1757 elementis
504 1717 627 1773 gigni
654 1748 665 1765 ,
698 1715 744 1755 id
775 1714 998 1770 chymicis
1017 1745 1027 1765 ,
1062 1727 1177 1770 quas
1208 1711 1263 1753 de
1290 1720 1434 1752 terra—

136 1790 237 1818 rum
269 1777 474 1817 omnium
504 1784 669 1817 natura
699 1775 924 1817 habemus
950 1774 1216 1815 notionibus
1247 1804 1258 1822 ‚
1285 1773 1433 1812 omni-

136 1851 193 1877 no
225 1836 490 1878 adversatur
520 1868 530 1886 ‚
564 1851 670 1877 cum
701 1834 794 1877 alia
825 1843 1052 1877 terrarum
1077 1866 1088 1884 ‚
1121 1832 1213 1875 alia
1250 1840 1433 1890 vegeta-

136 1895 301 1939 bilium
332 1895 554 1938 elementa
586 1898 677 1937 sint
698 1928 707 1938 .

196 1955 240 2012 §.
280 1956 378 2013 267.
424 1957 556 1998 Hisce
599 1964 724 1998 terrae
768 1955 1025 1997 rationibus
1072 1953 1129 1994 ad
1168 1950 1431 2010 plantarum

138 2018 465 2058 nutrimentum
497 2015 774 2058 facientibus
806 2023 902 2057 tota
933 2015 1146 2056 innititur
1176 2011 1434 2069 agricultu—

142 2091 197 2116 rae
228 2076 434 2118 doctrina
457 2109 467 2119 .
499 2078 614 2119 Hinc
645 2079 836 2118 miscent
866 2084 1009 2118 terras
1028 2107 1039 2126 ,
1062 2074 1168 2115 hinc
1193 2072 1433 2120 effodiunt,

144 2143 296 2176 terunt
322 2169 333 2187 ,
366 2140 683 2179 comminuunt
703 2170 714 2187 ‚
741 2145 887 2187 arant,
924 2134 1118 2185 sulcant,
1151 2141 1400 2175 stercorant
1423 2165 1432 2174 .

204 2194 249 2250 ξ,
285 2196 382 2239 268.
413 2197 593 2250 Quibus
623 2199 669 2239 in
700 2198 838 2239 rebus
873 2211 983 2238 suus
1011 2195 1176 2236 modus
1198 2226 1210 2244 ‚
1235 2201 1279 2234 et
1309 2201 1432 2232 tenor

143 2261 209 2294 est
233 2287 243 2295 .
275 2254 394 2297 Nam
417 2288 429 2307 ‚
460 2256 683 2299 Wallerio
703 2289 714 2308 ,
745 2257 1012 2314 Bergmmm,
1038 2262 1082 2296 et
1105 2255 1322 2297 Gioberto
1349 2253 1432 2292 oh·-

145 2316 430 2358 servantibus
458 2349 470 2369 ‚
526 2324 647 2359 terra
699 2319 972 2376 vegetationi
1024 2317 1173 2374 aptior
1232 2320 1430 2368 quatuor

1225 2373 1252 2413 (1
