1669 2563
1274 176 1356 231 287

193 282 419 338 Integrum
444 313 454 329 ‚
488 279 557 320 vel
592 280 781 320 lacerum
814 292 890 318 ore
920 309 929 318 .

193 340 540 397 Monoplzyllum
560 370 570 387 ‚
603 337 850 392 diplzjllzwz
877 369 886 386 ‚
921 337 1179 393 triphyllium
1208 372 1217 389 ,
1259 346 1424 396 penta-

131 403 340 460 phyllum
358 432 370 451 ‚
394 397 710 456 polyplzyllum
734 428 743 436 .

686 513 840 558 Cirrus
865 547 876 557 .

194 638 239 694 ς.
279 636 380 679 153,
410 634 572 677 Cirrus
603 633 735 676 audit

189 697 394 752 Simplex
417 728 428 745 ‚
460 695 621 750 bifidus
647 727 658 741 ‚
693 693 867 749 trifidus
888 727 899 744 ‚
929 693 1175 748 multifidas
1203 725 1212 734 .

191 757 504 812 Composhus,
550 754 807 811 diplzyllzcs‚
852 754 1092 811 triplzyllzcs
1136 755 1222 795 &aa
1249 786 1258 803 ,
1299 752 1438 810 poly-

133 818 324 876 plzyllzcs
353 847 362 857 .

194 876 468 919 Convolatus
493 907 503 925 ,
537 875 583 914 in
613 872 777 915 anulos
807 881 1045 916 contortus
1066 906 1076 915 .

195 937 444 978 Revolzctzcs
467 967 477 985 ‚
513 936 635 991 spira
671 934 821 974 medio
853 936 1016 976 itinere
1049 940 1221 975 retorta
1254 963 1265 975 .

207 997 413 1039 Unscatas
436 1027 446 1045 ‚
481 996 682 1035 aduncus
713 997 841 1050 apice
864 1027 874 1036 .

200 1056 418 1098 Ancillaris
447 1086 458 1104 ‚
491 1056 606 1096 situs
631 1055 677 1094 in
702 1053 847 1094 axilla
881 1052 981 1095 folii
1005 1055 1122 1094 inter
1144 1054 1290 1095 basim
1316 1053 1438 1108 ejus,

141 1124 186 1157 et
212 1115 417 1158 caulem.
556 1122 558 1125 “

205 1172 558 1232 Oppositffolizcs
585 1206 595 1223 ‚
629 1181 760 1215 ortus
789 1189 813 1214 e
846 1174 1029 1231 regione
1061 1171 1164 1215 folii
1189 1205 1200 1215 .

204 1236 398 1278 Foliaris
425 1269 434 1282 ,
453 1234 689 1291 petiolaris
713 1266 724 1284 ‚
750 1234 1072 1290 pedum-alaris
1094 1266 1106 1285 ,
1139 1233 1347 1275 mulinas
1370 1265 1381 1283 ‚
1415 1248 1442 1274 a

143 1295 245 1337 loco
266 1329 277 1346 ‚
311 1298 387 1336 cui
418 1294 583 1336 insidet
610 1326 620 1335 .

209 1356 474 1397 Terminalis
507 1353 582 1395 vel
615 1355 661 1394 in
691 1355 817 1410 apice
849 1352 951 1394 folii
985 1352 1204 1410 simplicis
1232 1386 1243 1404 ‚
1283 1352 1356 1394 vel
1400 1354 1448 1394 in

143 1419 274 1472 apice
307 1415 467 1472 petioli
514 1415 768 1455 communis
811 1411 911 1454 folii
964 1416 1241 1470 compositi3
1277 1416 1322 1454 in
1355 1412 1444 1454 hoc

145 1478 395 1518 novissimo
445 1489 556 1516 casu
586 1476 736 1515 cirrus
766 1488 793 1515 a
822 1474 1103 1531 quibusdam
1154 1474 1328 1515 dicitur
1363 1472 1447 1529 fo-

147 1538 288 1577 liosus
310 1567 320 1577 .

215 1595 461 1650 Urnigerus
490 1627 500 1645 ‚
532 1608 639 1635 cum
671 1593 853 1635 demum
886 1593 1163 1651 expanditur
1196 1594 1243 1634 in
1288 1608 1452 1634 urnam

148 1657 195 1696 in
227 1657 356 1712 apice
389 1653 609 1695 foliorum
635 1654 898 1712 Nepenteos
922 1686 933 1705 ,
966 1669 1063 1711 quae
1088 1669 1202 1696 urna
1225 1654 1454 1696 Ascidium

149 1730 339 1773 quoque
372 1714 638 1772 appellatur
656 1747 666 1756 .

739 1833 836 1875 Pila·
859 1867 870 1876 .

213 1955 260 2011 §.
300 1955 396 2008 154.
429 1953 518 1995 Pili
551 1953 808 2012 plurimum
841 1953 1011 1995 ludunt
1042 1969 1236 1996 numero
1256 1987 1267 2004 ‚
1300 1951 1456 1994 molli-

156 2016 219 2056 tie
238 2047 249 2065 ,
286 2014 572 2072 longitudine
591 2048 602 2065 ,
640 2015 889 2056 directione
915 2047 925 2064 ,
960 2014 1191 2071 rigiditate
1221 2047 1232 2065 ,
1259 2029 1458 2070 cumque

159 2075 217 2115 ad
263 2088 417 2116 omnes
447 2074 542 2117 fere
568 2074 728 2132 plantae
760 2083 911 2133 partes
943 2077 1201 2132 pertineant
1235 2108 1246 2125 ,
1276 2075 1340 2115 hae
1387 2074 1458 2114 di-

159 2142 330 2175 cuntur

223 2193 388 2294 Il'ilosae
411 2226 422 2244 ‚
475 2209 582 2236 cum
630 2193 716 2252 pili
772 2195 911 2251 pauci
936 2227 947 2245 ,
999 2196 1164 2236 remoti
1190 2227 1201 2245 ‚
1255 2195 1418 2236 breves
1446 2224 1458 2242 ‚

161 2269 237 2295 mo
262 2253 327 2295 les
354 2285 364 2295 .

223 2313 519 2355 pubescentes
545 2346 557 2362 ‚
598 2328 704 2354 cum
751 2313 834 2370 pili
879 2312 1186 2357 crebriusculi
1207 2345 1219 2364 ,
1253 2314 1417 2356 breves
1448 2344 1460 2362 ,

166 2373 328 2416 molles
355 2406 366 2423 ‚
398 2372 583 2414 curvuli
605 2405 614 2414 .
