1669 2563
235 207 316 239 100

170 313 336 343 succus
390 296 559 341 fistulis
618 304 875 350 contentus,
908 296 1080 339 ultimae
1140 296 1366 340 alimoniae
1394 298 1478 341 do·-

170 368 237 402 tes
272 392 283 411 ‚
337 365 385 401 et
437 358 686 418 qualitates
751 358 952 417 possidet
982 390 993 400 .
1061 358 1164 412 Qua
1221 359 1279 401 de
1339 373 1480 402 causa

169 419 452 464 diffunditur
506 435 586 478 per
642 435 820 461 omnem
875 418 1116 476 plantam,
1144 416 1219 460 vel
1264 426 1319 460 ut
1372 434 1480 460 cum

167 493 288 523 nova
317 481 663 538 superveniente
702 478 893 537 lympha
932 486 1054 521 stato
1099 486 1308 537 tempore
1352 493 1481 520 com—

169 541 446 591 misceatur,
501 539 579 585 vel
626 547 682 582 ut
732 538 991 598 peculiaria
1021 539 1229 596 quaedam
1283 539 1482 597 praebeat

171 608 271 643 tum
300 600 359 643 ad
386 602 776 644 conservationem
803 601 903 641 vitae
923 631 934 650 ,
967 606 1067 643 tum
1093 598 1151 641 ad
1205 597 1483 641 foecundita-

171 662 291 711 tem,
315 658 718 706 fructificationem
744 692 756 714 2
789 667 836 701 et
873 658 1186 702 evolutionem
1216 658 1484 717 plantarum

170 719 557 778 comparandam,
590 722 729 762 sicuti
776 718 1048 767 animalium
1101 721 1376 764 secretiones
1424 719 1484 762 ad

174 777 264 824 haec
297 780 458 827 eadem
490 780 668 824 ducunt
692 812 704 824 .

718 927 917 973 Excreta
933 962 943 974 .

235 1075 281 1134 ς.
315 1077 417 1119 313.
452 1075 664 1119 Vidimus
688 1074 959 1121 alimentum
979 1107 991 1128 ,
1023 1074 1150 1133 quod
1181 1076 1242 1117 ab
1286 1075 1488 1117 externis

174 1134 356 1195 plantas
386 1137 513 1179 subit
537 1168 549 1187 ,
583 1138 829 1181 nutritioni
868 1135 1132 1194 peragendae
1163 1143 1273 1176 tunc
1300 1136 1489 1177 demum

172 1197 396 1238 inservire
413 1229 424 1247 ,
458 1197 542 1238 uhi
563 1198 891 1240 commixtione
918 1211 999 1237 sua
1021 1210 1129 1236 cum
1150 1195 1254 1236 aliis
1281 1196 1490 1237 substan-

176 1257 284 1307 tiis,
317 1257 528 1314 aerisque
562 1264 744 1299 attactu
776 1254 1014 1314 perficitur
1038 1288 1050 1306 ‚
1083 1263 1129 1296 et
1153 1256 1212 1297 ab
1238 1255 1490 1297 inutilibus

175 1323 442 1374 separatur,
493 1315 689 1358 Necesse
741 1324 898 1359 autem
941 1323 1024 1366 est,
1056 1331 1126 1371 ea,
1158 1330 1256 1373 quae
1302 1313 1492 1357 inutilia

175 1383 298 1427 sunt,
331 1390 360 1417 a
389 1374 559 1433 plantis
613 1379 832 1435 expungi,
865 1391 921 1418 ne
953 1375 1155 1423 officiant
1183 1408 1194 1428 ,
1254 1383 1397 1433 prout
1441 1375 1492 1416 id

175 1438 438 1495 contingere
463 1436 671 1484 videmus
704 1439 752 1478 in
783 1435 1095 1485 animalibus3
1132 1450 1180 1476 re
1201 1436 1392 1492 quidem
1416 1450 1493 1476 ve-

174 1510 227 1538 ra
248 1503 581 1555 expunguntur
614 1512 641 1538 a
673 1495 846 1554 plantis
873 1497 959 1538 sub
982 1495 1162 1537 diversa
1187 1494 1336 1536 forma
1355 1527 1366 1547 ,
1402 1497 1491 1536 sci-

174 1553 288 1597 licet
328 1570 452 1597 nunc
483 1557 628 1613 magis
671 1563 886 1597 concreta
906 1587 916 1606 ,
950 1569 1072 1596 nunc
1110 1553 1235 1596 lenta
1255 1587 1267 1606 ,
1300 1556 1489 1605 tenaci,

174 1627 298 1657 nunc
328 1613 558 1667 fluidiore,
591 1614 665 1656 vel
711 1617 852 1658 etiam
892 1615 981 1659 suh
1013 1616 1164 1673 specie
1216 1617 1335 1657 aeris
1361 1647 1374 1666 ,
1408 1622 1490 1656 aut

175 1673 414 1717 odoriferae
447 1676 685 1723 materiei,

234 1734 279 1791 §.
310 1736 411 1789 314.
443 1733 700 1776 Glandulas
730 1742 1026 1776 excernentes
1072 1732 1161 1777 hoc
1216 1750 1489 1793 expungen-

176 1792 344 1837 dorum
377 1794 620 1837 inutilium
654 1810 843 1836 munere
875 1793 1008 1852 fungi
1039 1793 1153 1836 alias
1185 1795 1279 1850 jam
1302 1797 1489 1836 monui-⁹

175 1868 297 1905 mus3
327 1869 490 1898 verum
509 1857 647 1897 etiam
677 1870 733 1898 ex
763 1857 864 1912 ipso
886 1853 1102 1896 cellulari
1128 1863 1260 1900 textu
1283 1864 1490 1898 excretas

179 1915 459 1958 substantias
489 1913 716 1972 proficisci
746 1915 996 1961 indubium
1017 1921 1085 1956 est
1113 1946 1123 1962 ,

235 1974 282 2032 §.
313 1975 415 2019 315.
437 1974 742 2018 Exoretorum
757 1974 1095 2018 condensorum
1117 1974 1330 2034 exempla
1352 1976 1489 2017 nobis

177 2035 473 2093 suppeditant
502 2034 660 2092 plures
691 2036 889 2078 Pinaum
910 2037 1085 2092 species
1109 2037 1258 2077 resina
1281 2051 1381 2086 sua,
1414 2037 1489 2076 in-

177 2101 247 2137 ter
277 2109 392 2154 quas
421 2102 602 2152 praestat
632 2095 779 2138 Pinus
809 2095 980 2138 Cedras
1012 2096 1073 2137 ob
1107 2096 1309 2138 cedriam
1333 2095 1488 2145 illam,

178 2167 272 2212 qua
297 2154 409 2199 olim
440 2153 631 2213 Egyptii
662 2157 975 2206 aeternitatem,
1003 2164 1058 2197 ut
1102 2157 1168 2198 ita
1198 2156 1348 2199 dicam
1374 2188 1386 2206 ‚
1423 2157 1490 2197 sin

177 2215 586 2266 immortalitatem,
618 2217 897 2274 corporibus
928 2217 1275 2273 comparabant‚
1303 2219 1415 2259 item
1447 2222 1494 2256 et

179 2273 388 2320 Pistacia
437 2275 726 2321 Terebinthus
751 2309 763 2329 ‚
803 2284 852 2319 et
892 2274 1044 2320 Cistus
1075 2275 1313 2321 Ladanum
1336 2310 1348 2330 ,
1393 2283 1494 2318 tum
