<?xml version="1.0" encoding="UTF-8"?>
<!DOCTYPE html PUBLIC "-//W3C//DTD XHTML 1.0 Transitional//EN"
    "http://www.w3.org/TR/xhtml1/DTD/xhtml1-transitional.dtd">
<html xmlns="http://www.w3.org/1999/xhtml" xml:lang="en" lang="en">
 <head>
  <title>
</title>
<meta http-equiv="Content-Type" content="text/html;charset=utf-8" />
  <meta name='ocr-system' content='tesseract 3.04.00' />
  <meta name='ocr-capabilities' content='ocr_page ocr_carea ocr_par ocr_line ocrx_word'/>
</head>
<body>
  <div class='ocr_page' id='page_1' title='image "antoniibertoloni00bert_0210.png"; bbox 0 0 1669 2563; ppageno 0'>
   <div class='ocr_carea' id='block_1_1' title="bbox 273 83 357 139">
    <p class='ocr_par' dir='ltr' id='par_1_1' title="bbox 273 83 357 139">
     <span class='ocr_line' id='line_1_1' title="bbox 273 83 357 139; baseline 0 -15"><span class='ocrx_word' id='word_1_1' title='bbox 273 83 357 139; x_wconf 65' lang='lat'>198</span> 
     </span>
    </p>
   </div>
   <div class='ocr_carea' id='block_1_2' title="bbox 212 185 1515 727">
    <p class='ocr_par' dir='ltr' id='par_1_2' title="bbox 212 185 1514 307">
     <span class='ocr_line' id='line_1_2' title="bbox 270 185 1514 245; baseline 0.002 -17"><span class='ocrx_word' id='word_1_2' title='bbox 270 185 417 229; x_wconf 82' lang='lat' dir='ltr'>Erosa</span> <span class='ocrx_word' id='word_1_3' title='bbox 439 221 449 239; x_wconf 86' lang='lat'>‚</span> <span class='ocrx_word' id='word_1_4' title='bbox 495 197 676 231; x_wconf 82' lang='lat' dir='ltr'>crenata</span> <span class='ocrx_word' id='word_1_5' title='bbox 700 221 712 241; x_wconf 95' lang='lat'><strong>,</strong></span> <span class='ocrx_word' id='word_1_6' title='bbox 758 191 977 244; x_wconf 80' lang='lat' dir='ltr'>dentata,</span> <span class='ocrx_word' id='word_1_7' title='bbox 1026 197 1196 232; x_wconf 81' lang='lat' dir='ltr'>serrata</span> <span class='ocrx_word' id='word_1_8' title='bbox 1218 222 1231 241; x_wconf 87' lang='lat'><strong><em>,</em></strong></span> <span class='ocrx_word' id='word_1_9' title='bbox 1271 188 1388 245; x_wconf 82' lang='lat' dir='ltr'>fissa</span> <span class='ocrx_word' id='word_1_10' title='bbox 1411 222 1422 241; x_wconf 89' lang='lat'>,</span> <span class='ocrx_word' id='word_1_11' title='bbox 1468 197 1514 231; x_wconf 88' lang='lat' dir='ltr'>et</span> 
     </span>
     <span class='ocr_line' id='line_1_3' title="bbox 212 248 880 307; baseline 0.007 -21"><span class='ocrx_word' id='word_1_12' title='bbox 212 250 441 289; x_wconf 85' lang='lat' dir='ltr'>contraria</span> <span class='ocrx_word' id='word_1_13' title='bbox 477 248 546 290; x_wconf 89' lang='lat' dir='ltr'>his</span> <span class='ocrx_word' id='word_1_14' title='bbox 577 253 880 307; x_wconf 81' lang='lat' dir='ltr'>integerrima.</span> 
     </span>
    </p>

    <p class='ocr_par' dir='ltr' id='par_1_3' title="bbox 271 305 1410 368">
     <span class='ocr_line' id='line_1_4' title="bbox 271 305 1410 368; baseline 0.002 -20"><span class='ocrx_word' id='word_1_15' title='bbox 271 305 440 348; x_wconf 78' lang='lat' dir='ltr'>Ciliata</span> <span class='ocrx_word' id='word_1_16' title='bbox 470 325 495 350; x_wconf 83' lang='lat' dir='ltr'>a</span> <span class='ocrx_word' id='word_1_17' title='bbox 520 309 626 366; x_wconf 85' lang='lat' dir='ltr'>pilis</span> <span class='ocrx_word' id='word_1_18' title='bbox 648 343 659 361; x_wconf 84' lang='lat'>‚</span> <span class='ocrx_word' id='word_1_19' title='bbox 691 309 764 352; x_wconf 91' lang='lat' dir='ltr'>vel</span> <span class='ocrx_word' id='word_1_20' title='bbox 795 309 1009 352; x_wconf 85' lang='lat' dir='ltr'>lacinulis</span> <span class='ocrx_word' id='word_1_21' title='bbox 1038 307 1371 368; x_wconf 79' lang='lat' dir='ltr'>marginalibus</span> <span class='ocrx_word' id='word_1_22' title='bbox 1398 339 1410 350; x_wconf 90' lang='lat'><em>.</em></span> 
     </span>
    </p>

    <p class='ocr_par' dir='ltr' id='par_1_4' title="bbox 216 366 1513 469">
     <span class='ocr_line' id='line_1_5' title="bbox 272 366 1513 429; baseline 0.002 -21"><span class='ocrx_word' id='word_1_23' title='bbox 272 366 521 410; x_wconf 76' lang='lat' dir='ltr'><em>Fimbriam</em></span> <span class='ocrx_word' id='word_1_24' title='bbox 549 403 561 421; x_wconf 94' lang='lat'>,</span> <span class='ocrx_word' id='word_1_25' title='bbox 612 371 830 414; x_wconf 75' lang='lat' dir='ltr'>laciniata</span> <span class='ocrx_word' id='word_1_26' title='bbox 852 402 869 424; x_wconf 85' lang='lat'><em>,</em></span> <span class='ocrx_word' id='word_1_27' title='bbox 918 368 1145 429; x_wconf 82' lang='lat' dir='ltr'>profunde</span> <span class='ocrx_word' id='word_1_28' title='bbox 1173 401 1186 421; x_wconf 87' lang='lat'>‚</span> <span class='ocrx_word' id='word_1_29' title='bbox 1239 377 1286 411; x_wconf 85' lang='lat' dir='ltr'>et</span> <span class='ocrx_word' id='word_1_30' title='bbox 1322 375 1513 429; x_wconf 82' lang='lat' dir='ltr'>anguste</span> 
     </span>
     <span class='ocr_line' id='line_1_6' title="bbox 216 435 369 469; baseline 0 0"><span class='ocrx_word' id='word_1_31' title='bbox 216 435 341 469; x_wconf 86' lang='lat' dir='ltr'>secta</span> <span class='ocrx_word' id='word_1_32' title='bbox 359 460 369 469; x_wconf 89' lang='lat'><strong>.</strong></span> 
     </span>
    </p>

    <p class='ocr_par' dir='ltr' id='par_1_5' title="bbox 216 487 1515 592">
     <span class='ocr_line' id='line_1_7' title="bbox 270 487 1515 542; baseline 0 -13"><span class='ocrx_word' id='word_1_33' title='bbox 270 487 483 530; x_wconf 82' lang='lat' dir='ltr'>Coriacea</span> <span class='ocrx_word' id='word_1_34' title='bbox 504 523 515 541; x_wconf 90' lang='lat'>‚</span> <span class='ocrx_word' id='word_1_35' title='bbox 541 489 869 533; x_wconf 83' lang='lat' dir='ltr'>membranacea</span> <span class='ocrx_word' id='word_1_36' title='bbox 895 523 907 542; x_wconf 84' lang='lat'><strong>,</strong></span> <span class='ocrx_word' id='word_1_37' title='bbox 939 505 965 531; x_wconf 86' lang='lat' dir='ltr'>a</span> <span class='ocrx_word' id='word_1_38' title='bbox 994 490 1221 540; x_wconf 81' lang='lat' dir='ltr'>crassitie,</span> <span class='ocrx_word' id='word_1_39' title='bbox 1254 497 1336 536; x_wconf 72' lang='lat' dir='ltr'>ant</span> <span class='ocrx_word' id='word_1_40' title='bbox 1366 490 1515 536; x_wconf 78' lang='lat' dir='ltr'>tenui-</span> 
     </span>
     <span class='ocr_line' id='line_1_8' title="bbox 216 547 549 592; baseline 0.012 -4"><span class='ocrx_word' id='word_1_41' title='bbox 216 553 310 589; x_wconf 83' lang='lat' dir='ltr'>tate</span> <span class='ocrx_word' id='word_1_42' title='bbox 340 547 514 590; x_wconf 84' lang='lat' dir='ltr'>laminae</span> <span class='ocrx_word' id='word_1_43' title='bbox 539 582 549 592; x_wconf 90' lang='lat'>.</span> 
     </span>
    </p>

    <p class='ocr_par' dir='ltr' id='par_1_6' title="bbox 277 607 1335 666">
     <span class='ocr_line' id='line_1_9' title="bbox 277 607 1335 666; baseline 0.002 -16"><span class='ocrx_word' id='word_1_44' title='bbox 277 608 513 650; x_wconf 82' lang='lat' dir='ltr'>Undalata</span> <span class='ocrx_word' id='word_1_45' title='bbox 532 641 543 659; x_wconf 88' lang='lat'>‚</span> <span class='ocrx_word' id='word_1_46' title='bbox 577 613 725 666; x_wconf 82' lang='lat' dir='ltr'>crispa</span> <span class='ocrx_word' id='word_1_47' title='bbox 750 643 761 661; x_wconf 83' lang='lat'>‚</span> <span class='ocrx_word' id='word_1_48' title='bbox 793 625 819 652; x_wconf 84' lang='lat' dir='ltr'>a</span> <span class='ocrx_word' id='word_1_49' title='bbox 849 611 1032 652; x_wconf 85' lang='lat' dir='ltr'>sinuosa</span> <span class='ocrx_word' id='word_1_50' title='bbox 1063 607 1300 666; x_wconf 84' lang='lat' dir='ltr'>superficie</span> <span class='ocrx_word' id='word_1_51' title='bbox 1325 642 1335 652; x_wconf 93' lang='lat'><strong>.</strong></span> 
     </span>
    </p>

    <p class='ocr_par' dir='ltr' id='par_1_7' title="bbox 275 667 1397 727">
     <span class='ocr_line' id='line_1_10' title="bbox 275 667 1397 727; baseline 0.004 -18"><span class='ocrx_word' id='word_1_52' title='bbox 275 667 447 710; x_wconf 85' lang='lat' dir='ltr'>Glabra</span> <span class='ocrx_word' id='word_1_53' title='bbox 469 702 480 720; x_wconf 89' lang='lat'>‚</span> <span class='ocrx_word' id='word_1_54' title='bbox 514 678 596 711; x_wconf 85' lang='lat' dir='ltr'>aut</span> <span class='ocrx_word' id='word_1_55' title='bbox 624 671 781 714; x_wconf 71' lang='lat' dir='ltr'>villosa</span> <span class='ocrx_word' id='word_1_56' title='bbox 803 704 814 721; x_wconf 88' lang='lat'>‚</span> <span class='ocrx_word' id='word_1_57' title='bbox 829 670 1124 727; x_wconf 78' lang='lat' dir='ltr'>pubescentia</span> <span class='ocrx_word' id='word_1_58' title='bbox 1145 702 1157 721; x_wconf 85' lang='lat'>‚</span> <span class='ocrx_word' id='word_1_59' title='bbox 1187 667 1397 713; x_wconf 83' lang='lat' dir='ltr'>barbata.</span> 
     </span>
    </p>
   </div>
   <div class='ocr_carea' id='block_1_3' title="bbox 749 787 982 830">
    <p class='ocr_par' dir='ltr' id='par_1_8' title="bbox 749 787 982 830">
     <span class='ocr_line' id='line_1_11' title="bbox 749 787 982 830; baseline 0 0"><span class='ocrx_word' id='word_1_60' title='bbox 749 787 958 830; x_wconf 83' lang='lat' dir='ltr'>Stamina</span> <span class='ocrx_word' id='word_1_61' title='bbox 973 821 982 830; x_wconf 94' lang='lat'><strong><em>.</em></strong></span> 
     </span>
    </p>
   </div>
   <div class='ocr_carea' id='block_1_4' title="bbox 208 897 1517 2270">
    <p class='ocr_par' dir='ltr' id='par_1_9' title="bbox 210 897 1514 1140">
     <span class='ocr_line' id='line_1_12' title="bbox 270 897 1514 961; baseline 0.007 -15"><span class='ocrx_word' id='word_1_62' title='bbox 270 904 316 960; x_wconf 82' lang='lat'>§.</span> <span class='ocrx_word' id='word_1_63' title='bbox 357 906 426 961; x_wconf 79' lang='lat'>37.</span> <span class='ocrx_word' id='word_1_64' title='bbox 454 897 667 948; x_wconf 73' lang='lat' dir='ltr'>⁸Stamina</span> <span class='ocrx_word' id='word_1_65' title='bbox 709 909 924 949; x_wconf 85' lang='lat' dir='ltr'>variant:</span> <span class='ocrx_word' id='word_1_66' title='bbox 964 905 1019 949; x_wconf 91' lang='lat'>1⁰.</span> <span class='ocrx_word' id='word_1_67' title='bbox 1050 921 1272 951; x_wconf 87' lang='lat' dir='ltr'>numero:</span> <span class='ocrx_word' id='word_1_68' title='bbox 1306 909 1367 953; x_wconf 78' lang='lat'>2⁰.</span> <span class='ocrx_word' id='word_1_69' title='bbox 1404 926 1514 954; x_wconf 88' lang='lat' dir='ltr'>con-</span> 
     </span>
     <span class='ocr_line' id='line_1_13' title="bbox 210 963 1512 1023; baseline 0.007 -17"><span class='ocrx_word' id='word_1_70' title='bbox 210 967 419 1006; x_wconf 80' lang='lat' dir='ltr'>nexione:</span> <span class='ocrx_word' id='word_1_71' title='bbox 455 964 515 1008; x_wconf 76' lang='lat'>30.</span> <span class='ocrx_word' id='word_1_72' title='bbox 547 969 869 1023; x_wconf 83' lang='lat' dir='ltr'>proportione:</span> <span class='ocrx_word' id='word_1_73' title='bbox 902 963 964 1020; x_wconf 69' lang='lat'>4⁰.</span> <span class='ocrx_word' id='word_1_74' title='bbox 990 968 1080 1008; x_wconf 84' lang='lat' dir='ltr'>situ</span> <span class='ocrx_word' id='word_1_75' title='bbox 1105 983 1115 1008; x_wconf 88' lang='lat'>:</span> <span class='ocrx_word' id='word_1_76' title='bbox 1149 966 1210 1010; x_wconf 86' lang='lat'>5⁰.</span> <span class='ocrx_word' id='word_1_77' title='bbox 1232 968 1512 1015; x_wconf 84' lang='lat' dir='ltr'>directione:</span> 
     </span>
     <span class='ocr_line' id='line_1_14' title="bbox 212 1022 1513 1075; baseline 0.007 -9"><span class='ocrx_word' id='word_1_78' title='bbox 212 1022 278 1066; x_wconf 86' lang='lat'>6⁰.</span> <span class='ocrx_word' id='word_1_79' title='bbox 312 1024 458 1065; x_wconf 80' lang='lat' dir='ltr'>forma</span> <span class='ocrx_word' id='word_1_80' title='bbox 482 1058 491 1067; x_wconf 88' lang='lat'><strong>.</strong></span> <span class='ocrx_word' id='word_1_81' title='bbox 525 1026 818 1069; x_wconf 84' lang='lat' dir='ltr'>Differentias</span> <span class='ocrx_word' id='word_1_82' title='bbox 862 1028 909 1067; x_wconf 87' lang='lat' dir='ltr'>in</span> <span class='ocrx_word' id='word_1_83' title='bbox 957 1040 1147 1068; x_wconf 87' lang='lat' dir='ltr'>numero</span> <span class='ocrx_word' id='word_1_84' title='bbox 1200 1027 1424 1074; x_wconf 86' lang='lat' dir='ltr'>habemus</span> <span class='ocrx_word' id='word_1_85' title='bbox 1465 1035 1513 1075; x_wconf 92' lang='lat' dir='ltr'>in</span> 
     </span>
     <span class='ocr_line' id='line_1_15' title="bbox 215 1086 1297 1140; baseline 0.004 -14"><span class='ocrx_word' id='word_1_86' title='bbox 215 1092 457 1140; x_wconf 71' lang='lat' dir='ltr'>systemate</span> <span class='ocrx_word' id='word_1_87' title='bbox 490 1086 668 1128; x_wconf 77' lang='lat' dir='ltr'>sexuali</span> <span class='ocrx_word' id='word_1_88' title='bbox 693 1119 704 1138; x_wconf 87' lang='lat'>‚</span> <span class='ocrx_word' id='word_1_89' title='bbox 738 1088 820 1129; x_wconf 85' lang='lat' dir='ltr'>uhi</span> <span class='ocrx_word' id='word_1_90' title='bbox 854 1088 1046 1128; x_wconf 83' lang='lat' dir='ltr'>stamina</span> <span class='ocrx_word' id='word_1_91' title='bbox 1077 1087 1297 1130; x_wconf 82' lang='lat' dir='ltr'>dicuntur</span> 
     </span>
    </p>

    <p class='ocr_par' dir='ltr' id='par_1_10' title="bbox 208 1144 1517 1430">
     <span class='ocr_line' id='line_1_16' title="bbox 269 1144 1517 1208; baseline 0.006 -24"><span class='ocrx_word' id='word_1_92' title='bbox 269 1144 477 1199; x_wconf 78' lang='lat' dir='ltr'>Definita</span> <span class='ocrx_word' id='word_1_93' title='bbox 502 1179 513 1197; x_wconf 85' lang='grc'>,</span> <span class='ocrx_word' id='word_1_94' title='bbox 551 1161 656 1188; x_wconf 91' lang='lat' dir='ltr'>cum</span> <span class='ocrx_word' id='word_1_95' title='bbox 686 1162 777 1188; x_wconf 92' lang='lat' dir='ltr'>non</span> <span class='ocrx_word' id='word_1_96' title='bbox 809 1146 1037 1188; x_wconf 85' lang='lat' dir='ltr'>excedunt</span> <span class='ocrx_word' id='word_1_97' title='bbox 1066 1161 1308 1190; x_wconf 88' lang='lat' dir='ltr'>numerum</span> <span class='ocrx_word' id='word_1_98' title='bbox 1349 1152 1517 1208; x_wconf 83' lang='lat' dir='ltr'>vigesi-</span> 
     </span>
     <span class='ocr_line' id='line_1_17' title="bbox 210 1206 1516 1265; baseline 0.005 -19"><span class='ocrx_word' id='word_1_99' title='bbox 210 1219 362 1254; x_wconf 88' lang='lat' dir='ltr'>mum,</span> <span class='ocrx_word' id='word_1_100' title='bbox 387 1220 483 1261; x_wconf 83' lang='lat' dir='ltr'>quae</span> <span class='ocrx_word' id='word_1_101' title='bbox 514 1207 588 1248; x_wconf 87' lang='lat' dir='ltr'>vel</span> <span class='ocrx_word' id='word_1_102' title='bbox 622 1206 889 1265; x_wconf 82' lang='lat' dir='ltr'>singillatim</span> <span class='ocrx_word' id='word_1_103' title='bbox 921 1215 1220 1250; x_wconf 82' lang='lat' dir='ltr'>numerantur</span> <span class='ocrx_word' id='word_1_104' title='bbox 1240 1241 1252 1260; x_wconf 87' lang='lat'><strong>,</strong></span> <span class='ocrx_word' id='word_1_105' title='bbox 1270 1217 1323 1249; x_wconf 88' lang='lat' dir='ltr'>ut</span> <span class='ocrx_word' id='word_1_106' title='bbox 1349 1225 1374 1251; x_wconf 89' lang='lat' dir='ltr'>a</span> <span class='ocrx_word' id='word_1_107' title='bbox 1401 1210 1516 1253; x_wconf 85' lang='lat' dir='ltr'>clas-</span> 
     </span>
     <span class='ocr_line' id='line_1_18' title="bbox 212 1266 1517 1328; baseline 0.006 -23"><span class='ocrx_word' id='word_1_108' title='bbox 212 1279 258 1305; x_wconf 87' lang='lat' dir='ltr'>se</span> <span class='ocrx_word' id='word_1_109' title='bbox 291 1266 559 1308; x_wconf 84' lang='lat' dir='ltr'>monandria</span> <span class='ocrx_word' id='word_1_110' title='bbox 589 1267 646 1308; x_wconf 87' lang='lat' dir='ltr'>ad</span> <span class='ocrx_word' id='word_1_111' title='bbox 677 1267 867 1309; x_wconf 85' lang='lat' dir='ltr'>classem</span> <span class='ocrx_word' id='word_1_112' title='bbox 896 1267 1186 1308; x_wconf 82' lang='lat' dir='ltr'>decandriam</span> <span class='ocrx_word' id='word_1_113' title='bbox 1221 1302 1232 1320; x_wconf 86' lang='lat'><strong><em>,</em></strong></span> <span class='ocrx_word' id='word_1_114' title='bbox 1269 1268 1343 1311; x_wconf 87' lang='lat' dir='ltr'>vel</span> <span class='ocrx_word' id='word_1_115' title='bbox 1378 1270 1517 1328; x_wconf 81' lang='lat' dir='ltr'>plura</span> 
     </span>
     <span class='ocr_line' id='line_1_19' title="bbox 208 1326 1517 1386; baseline 0.006 -22"><span class='ocrx_word' id='word_1_116' title='bbox 208 1327 330 1365; x_wconf 83' lang='lat' dir='ltr'>intra</span> <span class='ocrx_word' id='word_1_117' title='bbox 362 1333 508 1368; x_wconf 86' lang='lat' dir='ltr'>certos</span> <span class='ocrx_word' id='word_1_118' title='bbox 532 1327 640 1369; x_wconf 88' lang='lat' dir='ltr'>fines</span> <span class='ocrx_word' id='word_1_119' title='bbox 672 1327 809 1369; x_wconf 83' lang='lat' dir='ltr'>simul</span> <span class='ocrx_word' id='word_1_120' title='bbox 839 1326 1164 1385; x_wconf 80' lang='lat' dir='ltr'>comprehendi</span> <span class='ocrx_word' id='word_1_121' title='bbox 1198 1339 1389 1386; x_wconf 86' lang='lat' dir='ltr'>possunt</span> <span class='ocrx_word' id='word_1_122' title='bbox 1412 1363 1424 1382; x_wconf 86' lang='lat'>‚</span> <span class='ocrx_word' id='word_1_123' title='bbox 1462 1338 1517 1372; x_wconf 90' lang='lat' dir='ltr'>ut</span> 
     </span>
     <span class='ocr_line' id='line_1_20' title="bbox 211 1383 814 1430; baseline 0.008 -6"><span class='ocrx_word' id='word_1_124' title='bbox 211 1386 262 1425; x_wconf 86' lang='lat' dir='ltr'>in</span> <span class='ocrx_word' id='word_1_125' title='bbox 293 1383 435 1427; x_wconf 85' lang='lat' dir='ltr'>classe</span> <span class='ocrx_word' id='word_1_126' title='bbox 468 1387 776 1429; x_wconf 86' lang='lat' dir='ltr'>dodecandria</span> <span class='ocrx_word' id='word_1_127' title='bbox 805 1420 814 1430; x_wconf 92' lang='lat'><strong>.</strong></span> 
     </span>
    </p>

    <p class='ocr_par' dir='ltr' id='par_1_11' title="bbox 212 1444 1514 1621">
     <span class='ocr_line' id='line_1_21' title="bbox 271 1444 1511 1506; baseline 0.006 -21"><span class='ocrx_word' id='word_1_128' title='bbox 271 1444 515 1500; x_wconf 81' lang='lat' dir='ltr'>Indefinita</span> <span class='ocrx_word' id='word_1_129' title='bbox 537 1481 548 1498; x_wconf 80' lang='grc'>,</span> <span class='ocrx_word' id='word_1_130' title='bbox 580 1463 676 1506; x_wconf 85' lang='lat' dir='ltr'>quae</span> <span class='ocrx_word' id='word_1_131' title='bbox 708 1464 734 1490; x_wconf 85' lang='lat' dir='ltr'>a</span> <span class='ocrx_word' id='word_1_132' title='bbox 765 1449 927 1505; x_wconf 83' lang='lat' dir='ltr'>viginti</span> <span class='ocrx_word' id='word_1_133' title='bbox 963 1448 1190 1504; x_wconf 87' lang='lat' dir='ltr'>incipiunt</span> <span class='ocrx_word' id='word_1_134' title='bbox 1218 1481 1229 1500; x_wconf 87' lang='lat'><strong>,</strong></span> <span class='ocrx_word' id='word_1_135' title='bbox 1283 1456 1331 1490; x_wconf 87' lang='lat' dir='ltr'>et</span> <span class='ocrx_word' id='word_1_136' title='bbox 1376 1449 1511 1492; x_wconf 87' lang='lat' dir='ltr'>nullo</span> 
     </span>
     <span class='ocr_line' id='line_1_22' title="bbox 212 1506 1514 1560; baseline 0.006 -15"><span class='ocrx_word' id='word_1_137' title='bbox 212 1507 406 1546; x_wconf 77' lang='lat' dir='ltr'>termino</span> <span class='ocrx_word' id='word_1_138' title='bbox 437 1512 729 1550; x_wconf 87' lang='lat' dir='ltr'>continentur</span> <span class='ocrx_word' id='word_1_139' title='bbox 760 1540 772 1560; x_wconf 85' lang='lat'>‚</span> <span class='ocrx_word' id='word_1_140' title='bbox 806 1516 859 1549; x_wconf 88' lang='lat' dir='ltr'>ut</span> <span class='ocrx_word' id='word_1_141' title='bbox 888 1510 936 1549; x_wconf 91' lang='lat' dir='ltr'>in</span> <span class='ocrx_word' id='word_1_142' title='bbox 965 1506 1106 1550; x_wconf 83' lang='lat' dir='ltr'>classe</span> <span class='ocrx_word' id='word_1_143' title='bbox 1139 1510 1392 1552; x_wconf 85' lang='lat' dir='ltr'>icosandria</span> <span class='ocrx_word' id='word_1_144' title='bbox 1422 1543 1434 1560; x_wconf 89' lang='lat'>‚</span> <span class='ocrx_word' id='word_1_145' title='bbox 1469 1519 1514 1553; x_wconf 85' lang='lat' dir='ltr'>et</span> 
     </span>
     <span class='ocr_line' id='line_1_23' title="bbox 212 1564 521 1621; baseline 0.016 -16"><span class='ocrx_word' id='word_1_146' title='bbox 212 1564 489 1621; x_wconf 83' lang='lat' dir='ltr'>polyandria</span> <span class='ocrx_word' id='word_1_147' title='bbox 511 1601 521 1610; x_wconf 90' lang='lat'><strong>.</strong></span> 
     </span>
    </p>

    <p class='ocr_par' dir='ltr' id='par_1_12' title="bbox 217 1625 1514 1736">
     <span class='ocr_line' id='line_1_24' title="bbox 272 1625 1514 1679; baseline 0.006 -14"><span class='ocrx_word' id='word_1_148' title='bbox 272 1625 506 1669; x_wconf 70' lang='lat' dir='ltr'>Distincta</span> <span class='ocrx_word' id='word_1_149' title='bbox 528 1661 539 1679; x_wconf 85' lang='lat'>,</span> <span class='ocrx_word' id='word_1_150' title='bbox 571 1643 678 1671; x_wconf 89' lang='lat' dir='ltr'>cum</span> <span class='ocrx_word' id='word_1_151' title='bbox 705 1627 854 1670; x_wconf 86' lang='lat' dir='ltr'>libera</span> <span class='ocrx_word' id='word_1_152' title='bbox 883 1629 1001 1668; x_wconf 85' lang='lat' dir='ltr'>inter</span> <span class='ocrx_word' id='word_1_153' title='bbox 1029 1643 1075 1671; x_wconf 87' lang='lat' dir='ltr'>se</span> <span class='ocrx_word' id='word_1_154' title='bbox 1113 1637 1218 1671; x_wconf 88' lang='lat' dir='ltr'>sunt</span> <span class='ocrx_word' id='word_1_155' title='bbox 1271 1632 1363 1672; x_wconf 86' lang='lat' dir='ltr'>sive</span> <span class='ocrx_word' id='word_1_156' title='bbox 1412 1627 1514 1672; x_wconf 80' lang='lat' dir='ltr'>fila-</span> 
     </span>
     <span class='ocr_line' id='line_1_25' title="bbox 217 1687 806 1736; baseline 0.01 -12"><span class='ocrx_word' id='word_1_157' title='bbox 217 1687 384 1726; x_wconf 87' lang='lat' dir='ltr'>mentis</span> <span class='ocrx_word' id='word_1_158' title='bbox 411 1719 422 1736; x_wconf 88' lang='lat'>‚</span> <span class='ocrx_word' id='word_1_159' title='bbox 455 1689 547 1729; x_wconf 85' lang='lat' dir='ltr'>sive</span> <span class='ocrx_word' id='word_1_160' title='bbox 579 1689 778 1730; x_wconf 81' lang='lat' dir='ltr'>antheris</span> <span class='ocrx_word' id='word_1_161' title='bbox 796 1721 806 1730; x_wconf 88' lang='lat'>.</span> 
     </span>
    </p>

    <p class='ocr_par' dir='ltr' id='par_1_13' title="bbox 211 1744 1513 1850">
     <span class='ocr_line' id='line_1_26' title="bbox 271 1744 1513 1807; baseline 0.005 -21"><span class='ocrx_word' id='word_1_162' title='bbox 271 1744 450 1787; x_wconf 79' lang='lat' dir='ltr'>Coalita</span> <span class='ocrx_word' id='word_1_163' title='bbox 471 1780 482 1797; x_wconf 78' lang='lat'>,</span> <span class='ocrx_word' id='word_1_164' title='bbox 507 1763 613 1790; x_wconf 86' lang='lat' dir='ltr'>cum</span> <span class='ocrx_word' id='word_1_165' title='bbox 642 1747 985 1807; x_wconf 85' lang='lat' dir='ltr'>androphorum</span> <span class='ocrx_word' id='word_1_166' title='bbox 1008 1781 1019 1800; x_wconf 85' lang='lat'><strong>,</strong></span> <span class='ocrx_word' id='word_1_167' title='bbox 1051 1748 1126 1791; x_wconf 86' lang='lat' dir='ltr'>vel</span> <span class='ocrx_word' id='word_1_168' title='bbox 1165 1749 1513 1805; x_wconf 84' lang='lat' dir='ltr'>synantherium</span> 
     </span>
     <span class='ocr_line' id='line_1_27' title="bbox 211 1807 536 1850; baseline 0.012 -4"><span class='ocrx_word' id='word_1_169' title='bbox 211 1807 500 1848; x_wconf 86' lang='lat' dir='ltr'>constituunt</span> <span class='ocrx_word' id='word_1_170' title='bbox 526 1841 536 1850; x_wconf 89' lang='lat'>.</span> 
     </span>
    </p>

    <p class='ocr_par' dir='ltr' id='par_1_14' title="bbox 212 1866 1512 2046">
     <span class='ocr_line' id='line_1_28' title="bbox 271 1866 1511 1926; baseline 0.003 -19"><span class='ocrx_word' id='word_1_171' title='bbox 271 1866 481 1922; x_wconf 79' lang='lat' dir='ltr'>Adelplza</span> <span class='ocrx_word' id='word_1_172' title='bbox 498 1900 508 1918; x_wconf 87' lang='lat'>‚</span> <span class='ocrx_word' id='word_1_173' title='bbox 536 1882 631 1925; x_wconf 86' lang='lat' dir='ltr'>quae</span> <span class='ocrx_word' id='word_1_174' title='bbox 655 1867 944 1925; x_wconf 86' lang='lat' dir='ltr'>androphoro</span> <span class='ocrx_word' id='word_1_175' title='bbox 965 1870 1190 1910; x_wconf 87' lang='lat' dir='ltr'>instructa</span> <span class='ocrx_word' id='word_1_176' title='bbox 1210 1887 1220 1919; x_wconf 90' lang='lat'>;</span> <span class='ocrx_word' id='word_1_177' title='bbox 1245 1869 1370 1926; x_wconf 84' lang='lat' dir='ltr'>quod</span> <span class='ocrx_word' id='word_1_178' title='bbox 1402 1885 1511 1912; x_wconf 89' lang='lat' dir='ltr'>cum</span> 
     </span>
     <span class='ocr_line' id='line_1_29' title="bbox 212 1927 1512 1987; baseline 0.005 -21"><span class='ocrx_word' id='word_1_179' title='bbox 212 1929 401 1968; x_wconf 82' lang='lat' dir='ltr'>unicum</span> <span class='ocrx_word' id='word_1_180' title='bbox 432 1928 726 1984; x_wconf 79' lang='lat' dir='ltr'>monadelplza</span> <span class='ocrx_word' id='word_1_181' title='bbox 751 1961 761 1979; x_wconf 87' lang='lat'>‚</span> <span class='ocrx_word' id='word_1_182' title='bbox 795 1943 900 1969; x_wconf 88' lang='lat' dir='ltr'>cum</span> <span class='ocrx_word' id='word_1_183' title='bbox 932 1927 1105 1986; x_wconf 75' lang='lat' dir='ltr'>duplex</span> <span class='ocrx_word' id='word_1_184' title='bbox 1128 1930 1395 1987; x_wconf 73' lang='lat' dir='ltr'>diadelpha,</span> <span class='ocrx_word' id='word_1_185' title='bbox 1428 1931 1512 1972; x_wconf 81' lang='lat' dir='ltr'>ubi</span> 
     </span>
     <span class='ocr_line' id='line_1_30' title="bbox 213 1986 1028 2046; baseline 0.002 -19"><span class='ocrx_word' id='word_1_186' title='bbox 213 1986 460 2044; x_wconf 77' lang='lat' dir='ltr'>plusquam</span> <span class='ocrx_word' id='word_1_187' title='bbox 492 1987 665 2046; x_wconf 86' lang='lat' dir='ltr'>duplex</span> <span class='ocrx_word' id='word_1_188' title='bbox 689 1989 1028 2045; x_wconf 76' lang='lat' dir='ltr'>polyadelplza.</span> 
     </span>
    </p>

    <p class='ocr_par' dir='ltr' id='par_1_15' title="bbox 215 2046 1512 2152">
     <span class='ocr_line' id='line_1_31' title="bbox 273 2046 1512 2109; baseline 0.003 -22"><span class='ocrx_word' id='word_1_189' title='bbox 273 2046 600 2104; x_wconf 76' lang='lat' dir='ltr'>Syngenesz&#39;aca</span> <span class='ocrx_word' id='word_1_190' title='bbox 627 2065 655 2091; x_wconf 88' lang='lat' dir='ltr'>a</span> <span class='ocrx_word' id='word_1_191' title='bbox 685 2048 976 2105; x_wconf 86' lang='lat' dir='ltr'>synantherio</span> <span class='ocrx_word' id='word_1_192' title='bbox 996 2083 1007 2101; x_wconf 93' lang='lat'>,</span> <span class='ocrx_word' id='word_1_193' title='bbox 1039 2056 1084 2091; x_wconf 89' lang='lat' dir='ltr'>et</span> <span class='ocrx_word' id='word_1_194' title='bbox 1113 2047 1245 2092; x_wconf 84' lang='lat' dir='ltr'>flores</span> <span class='ocrx_word' id='word_1_195' title='bbox 1281 2052 1512 2109; x_wconf 85' lang='lat' dir='ltr'>composi-</span> 
     </span>
     <span class='ocr_line' id='line_1_32' title="bbox 215 2107 554 2152; baseline 0.012 -4"><span class='ocrx_word' id='word_1_196' title='bbox 215 2113 286 2148; x_wconf 79' lang='lat' dir='ltr'>tos</span> <span class='ocrx_word' id='word_1_197' title='bbox 316 2107 519 2150; x_wconf 82' lang='lat' dir='ltr'>efficiunt</span> <span class='ocrx_word' id='word_1_198' title='bbox 544 2142 554 2152; x_wconf 90' lang='lat'><strong>.</strong></span> 
     </span>
    </p>

    <p class='ocr_par' dir='ltr' id='par_1_16' title="bbox 222 2167 1509 2270">
     <span class='ocr_line' id='line_1_33' title="bbox 274 2167 1509 2228; baseline 0.002 -18"><span class='ocrx_word' id='word_1_199' title='bbox 274 2167 488 2225; x_wconf 82' lang='lat' dir='ltr'>AEqaalia</span> <span class='ocrx_word' id='word_1_200' title='bbox 515 2203 527 2222; x_wconf 92' lang='lat'>‚</span> <span class='ocrx_word' id='word_1_201' title='bbox 575 2170 817 2228; x_wconf 70' lang='lat' dir='ltr'>inaequalia</span> <span class='ocrx_word' id='word_1_202' title='bbox 839 2202 851 2221; x_wconf 86' lang='lat'><strong>,</strong></span> <span class='ocrx_word' id='word_1_203' title='bbox 904 2169 1071 2214; x_wconf 80' lang='lat' dir='ltr'>alterne</span> <span class='ocrx_word' id='word_1_204' title='bbox 1114 2170 1354 2228; x_wconf 70' lang='lat' dir='ltr'>inaequalia</span> <span class='ocrx_word' id='word_1_205' title='bbox 1391 2172 1509 2213; x_wconf 86' lang='lat' dir='ltr'>inter</span> 
     </span>
     <span class='ocr_line' id='line_1_34' title="bbox 222 2242 294 2270; baseline 0.028 -2"><span class='ocrx_word' id='word_1_206' title='bbox 222 2242 266 2269; x_wconf 86' lang='lat' dir='ltr'>se</span> <span class='ocrx_word' id='word_1_207' title='bbox 285 2261 294 2270; x_wconf 89' lang='lat'><em>.</em></span> 
     </span>
    </p>
   </div>
  </div>
 </body>
</html>
