<?xml version="1.0" encoding="UTF-8"?>
<!DOCTYPE html PUBLIC "-//W3C//DTD XHTML 1.0 Transitional//EN"
    "http://www.w3.org/TR/xhtml1/DTD/xhtml1-transitional.dtd">
<html xmlns="http://www.w3.org/1999/xhtml" xml:lang="en" lang="en">
 <head>
  <title>
</title>
<meta http-equiv="Content-Type" content="text/html;charset=utf-8" />
  <meta name='ocr-system' content='tesseract 3.04.00' />
  <meta name='ocr-capabilities' content='ocr_page ocr_carea ocr_par ocr_line ocrx_word'/>
</head>
<body>
  <div class='ocr_page' id='page_1' title='image "antoniibertoloni00bert_0114.png"; bbox 0 0 1669 2563; ppageno 0'>
   <div class='ocr_carea' id='block_1_1' title="bbox 207 162 288 192">
    <p class='ocr_par' dir='ltr' id='par_1_1' title="bbox 207 162 288 192">
     <span class='ocr_line' id='line_1_1' title="bbox 207 162 288 192; baseline -0.037 0"><span class='ocrx_word' id='word_1_1' title='bbox 207 162 288 192; x_wconf 78' lang='lat'>102</span> 
     </span>
    </p>
   </div>
   <div class='ocr_carea' id='block_1_2' title="bbox 129 250 1444 2351">
    <p class='ocr_par' dir='ltr' id='par_1_2' title="bbox 132 250 1444 1505">
     <span class='ocr_line' id='line_1_2' title="bbox 202 250 1442 311; baseline 0.002 -17"><span class='ocrx_word' id='word_1_2' title='bbox 202 252 246 308; x_wconf 82' lang='lat'>§.</span> <span class='ocrx_word' id='word_1_3' title='bbox 282 254 383 308; x_wconf 79' lang='lat'><strong>3¹7·</strong></span> <span class='ocrx_word' id='word_1_4' title='bbox 415 251 486 294; x_wconf 85' lang='lat' dir='ltr'>Ad</span> <span class='ocrx_word' id='word_1_5' title='bbox 518 257 730 304; x_wconf 78' lang='lat' dir='ltr'>excreta,</span> <span class='ocrx_word' id='word_1_6' title='bbox 763 266 859 311; x_wconf 88' lang='lat' dir='ltr'>quae</span> <span class='ocrx_word' id='word_1_7' title='bbox 889 250 1105 295; x_wconf 85' lang='lat' dir='ltr'>fluidiora</span> <span class='ocrx_word' id='word_1_8' title='bbox 1138 259 1246 295; x_wconf 80' lang='lat' dir='ltr'>sunt</span> <span class='ocrx_word' id='word_1_9' title='bbox 1272 283 1285 303; x_wconf 91' lang='lat'>‚</span> <span class='ocrx_word' id='word_1_10' title='bbox 1339 269 1442 311; x_wconf 87' lang='lat' dir='ltr'>per-</span> 
     </span>
     <span class='ocr_line' id='line_1_3' title="bbox 143 310 1442 371; baseline 0.002 -19"><span class='ocrx_word' id='word_1_11' title='bbox 143 313 289 353; x_wconf 80' lang='lat' dir='ltr'>tinent</span> <span class='ocrx_word' id='word_1_12' title='bbox 319 312 478 355; x_wconf 83' lang='lat' dir='ltr'>acidus</span> <span class='ocrx_word' id='word_1_13' title='bbox 506 311 686 364; x_wconf 86' lang='lat' dir='ltr'>humor,</span> <span class='ocrx_word' id='word_1_14' title='bbox 718 315 799 371; x_wconf 88' lang='lat' dir='ltr'>qui</span> <span class='ocrx_word' id='word_1_15' title='bbox 833 328 859 354; x_wconf 86' lang='lat' dir='ltr'>a</span> <span class='ocrx_word' id='word_1_16' title='bbox 888 312 1049 356; x_wconf 83' lang='lat' dir='ltr'>Boleto</span> <span class='ocrx_word' id='word_1_17' title='bbox 1070 310 1290 362; x_wconf 83' lang='lat' dir='ltr'><em>suberoso,</em></span> <span class='ocrx_word' id='word_1_18' title='bbox 1308 311 1442 371; x_wconf 86' lang='lat' dir='ltr'>Plen-</span> 
     </span>
     <span class='ocr_line' id='line_1_4' title="bbox 141 371 1442 430; baseline 0.002 -18"><span class='ocrx_word' id='word_1_19' title='bbox 141 372 245 413; x_wconf 84' lang='lat' dir='ltr'>ckio</span> <span class='ocrx_word' id='word_1_20' title='bbox 271 373 537 414; x_wconf 80' lang='lat' dir='ltr'>observante</span> <span class='ocrx_word' id='word_1_21' title='bbox 555 405 566 423; x_wconf 92' lang='lat'>‚</span> <span class='ocrx_word' id='word_1_22' title='bbox 598 381 767 424; x_wconf 86' lang='lat' dir='ltr'>manat,</span> <span class='ocrx_word' id='word_1_23' title='bbox 791 373 956 416; x_wconf 87' lang='lat' dir='ltr'>humor</span> <span class='ocrx_word' id='word_1_24' title='bbox 981 371 1212 414; x_wconf 86' lang='lat' dir='ltr'>causticus</span> <span class='ocrx_word' id='word_1_25' title='bbox 1239 372 1442 430; x_wconf 88' lang='lat' dir='ltr'>pilorum</span> 
     </span>
     <span class='ocr_line' id='line_1_5' title="bbox 141 430 1444 490; baseline 0 -17"><span class='ocrx_word' id='word_1_26' title='bbox 141 430 375 474; x_wconf 81' lang='lat' dir='ltr'>Stizolobii</span> <span class='ocrx_word' id='word_1_27' title='bbox 391 435 660 489; x_wconf 81' lang='lat' dir='ltr'>prurientis,</span> <span class='ocrx_word' id='word_1_28' title='bbox 681 433 969 490; x_wconf 85' lang='lat' dir='ltr'>quarundam</span> <span class='ocrx_word' id='word_1_29' title='bbox 999 433 1250 475; x_wconf 77' lang='lat' dir='ltr'>Urticarum</span> <span class='ocrx_word' id='word_1_30' title='bbox 1272 465 1282 482; x_wconf 96' lang='lat'><strong><em>‚</em></strong></span> <span class='ocrx_word' id='word_1_31' title='bbox 1312 431 1444 474; x_wconf 78' lang='lat' dir='ltr'>Mal-</span> 
     </span>
     <span class='ocr_line' id='line_1_6' title="bbox 135 492 1443 550; baseline 0.002 -19"><span class='ocrx_word' id='word_1_32' title='bbox 135 493 416 549; x_wconf 76' lang='lat' dir='ltr'>pz&#39;glziarum,</span> <span class='ocrx_word' id='word_1_33' title='bbox 447 501 492 534; x_wconf 91' lang='lat' dir='ltr'>et</span> <span class='ocrx_word' id='word_1_34' title='bbox 522 492 757 550; x_wconf 79' lang='lat' dir='ltr'>Jatrophce</span> <span class='ocrx_word' id='word_1_35' title='bbox 787 492 1134 543; x_wconf 76' lang='lat' dir='ltr'>urentis,lacteae</span> <span class='ocrx_word' id='word_1_36' title='bbox 1165 500 1301 549; x_wconf 82' lang='lat' dir='ltr'>guttae</span> <span class='ocrx_word' id='word_1_37' title='bbox 1332 507 1443 550; x_wconf 84' lang='lat' dir='ltr'>saepe</span> 
     </span>
     <span class='ocr_line' id='line_1_7' title="bbox 141 551 1442 610; baseline 0.002 -17"><span class='ocrx_word' id='word_1_38' title='bbox 141 568 166 593; x_wconf 89' lang='lat' dir='ltr'>e</span> <span class='ocrx_word' id='word_1_39' title='bbox 213 552 447 594; x_wconf 80' lang='lat' dir='ltr'>radicibus</span> <span class='ocrx_word' id='word_1_40' title='bbox 495 552 759 610; x_wconf 87' lang='lat' dir='ltr'>plantarum</span> <span class='ocrx_word' id='word_1_41' title='bbox 807 551 1093 595; x_wconf 84' lang='lat' dir='ltr'>exstillantes</span> <span class='ocrx_word' id='word_1_42' title='bbox 1115 585 1127 604; x_wconf 86' lang='lat'>‚</span> <span class='ocrx_word' id='word_1_43' title='bbox 1159 567 1216 593; x_wconf 84' lang='lat' dir='ltr'>ex</span> <span class='ocrx_word' id='word_1_44' title='bbox 1270 552 1442 610; x_wconf 84' lang='lat' dir='ltr'>quihus</span> 
     </span>
     <span class='ocr_line' id='line_1_8' title="bbox 141 611 1441 670; baseline 0.002 -18"><span class='ocrx_word' id='word_1_45' title='bbox 141 611 304 669; x_wconf 85' lang='lat' dir='ltr'>plantae</span> <span class='ocrx_word' id='word_1_46' title='bbox 336 613 526 670; x_wconf 85' lang='lat' dir='ltr'>propius</span> <span class='ocrx_word' id='word_1_47' title='bbox 574 621 806 655; x_wconf 83' lang='lat' dir='ltr'>nascentes</span> <span class='ocrx_word' id='word_1_48' title='bbox 851 612 1096 663; x_wconf 88' lang='lat' dir='ltr'>damnum,</span> <span class='ocrx_word' id='word_1_49' title='bbox 1147 611 1221 654; x_wconf 85' lang='lat' dir='ltr'>vel</span> <span class='ocrx_word' id='word_1_50' title='bbox 1273 627 1441 654; x_wconf 84' lang='lat' dir='ltr'>noxam</span> 
     </span>
     <span class='ocr_line' id='line_1_9' title="bbox 141 670 1441 730; baseline 0.002 -18"><span class='ocrx_word' id='word_1_51' title='bbox 141 673 374 729; x_wconf 84' lang='lat' dir='ltr'>recipiunt</span> <span class='ocrx_word' id='word_1_52' title='bbox 401 704 413 722; x_wconf 85' lang='lat'><strong>,</strong></span> <span class='ocrx_word' id='word_1_53' title='bbox 446 670 643 729; x_wconf 86' lang='lat' dir='ltr'>denique</span> <span class='ocrx_word' id='word_1_54' title='bbox 682 674 782 730; x_wconf 89' lang='lat' dir='ltr'>ipsa</span> <span class='ocrx_word' id='word_1_55' title='bbox 813 686 984 730; x_wconf 88' lang='lat' dir='ltr'>aquosa</span> <span class='ocrx_word' id='word_1_56' title='bbox 1029 671 1310 722; x_wconf 85' lang='lat' dir='ltr'>substantia,</span> <span class='ocrx_word' id='word_1_57' title='bbox 1343 687 1441 730; x_wconf 67' lang='lat' dir='ltr'>quae</span> 
     </span>
     <span class='ocr_line' id='line_1_10' title="bbox 139 730 1437 790; baseline 0.002 -18"><span class='ocrx_word' id='word_1_58' title='bbox 139 746 166 772; x_wconf 85' lang='lat' dir='ltr'>a</span> <span class='ocrx_word' id='word_1_59' title='bbox 198 731 365 789; x_wconf 82' lang='lat' dir='ltr'>plantis</span> <span class='ocrx_word' id='word_1_60' title='bbox 395 733 611 773; x_wconf 82' lang='lat' dir='ltr'>continue</span> <span class='ocrx_word' id='word_1_61' title='bbox 644 730 866 783; x_wconf 77' lang='lat' dir='ltr'>exsudat,</span> <span class='ocrx_word' id='word_1_62' title='bbox 897 741 944 774; x_wconf 86' lang='lat' dir='ltr'>et</span> <span class='ocrx_word' id='word_1_63' title='bbox 972 746 1078 775; x_wconf 89' lang='lat' dir='ltr'>cum</span> <span class='ocrx_word' id='word_1_64' title='bbox 1103 733 1329 790; x_wconf 89' lang='lat' dir='ltr'>copiosior</span> <span class='ocrx_word' id='word_1_65' title='bbox 1355 740 1437 782; x_wconf 88' lang='lat' dir='ltr'>est,</span> 
     </span>
     <span class='ocr_line' id='line_1_11' title="bbox 143 789 1440 850; baseline 0.001 -19"><span class='ocrx_word' id='word_1_66' title='bbox 143 789 305 833; x_wconf 85' lang='lat' dir='ltr'>defluit</span> <span class='ocrx_word' id='word_1_67' title='bbox 349 793 397 833; x_wconf 89' lang='lat' dir='ltr'>in</span> <span class='ocrx_word' id='word_1_68' title='bbox 441 799 630 850; x_wconf 83' lang='lat' dir='ltr'>guttas,</span> <span class='ocrx_word' id='word_1_69' title='bbox 720 799 826 833; x_wconf 86' lang='lat' dir='ltr'>rout</span> <span class='ocrx_word' id='word_1_70' title='bbox 853 790 939 835; x_wconf 81' lang='lat' dir='ltr'>illa</span> <span class='ocrx_word' id='word_1_71' title='bbox 965 824 976 843; x_wconf 91' lang='lat'>‚</span> <span class='ocrx_word' id='word_1_72' title='bbox 1022 807 1119 850; x_wconf 82' lang='lat' dir='ltr'>quae</span> <span class='ocrx_word' id='word_1_73' title='bbox 1164 794 1214 834; x_wconf 89' lang='lat' dir='ltr'>in</span> <span class='ocrx_word' id='word_1_74' title='bbox 1266 792 1440 849; x_wconf 85' lang='lat' dir='ltr'>scypho</span> 
     </span>
     <span class='ocr_line' id='line_1_12' title="bbox 142 849 1439 909; baseline -0.001 -15"><span class='ocrx_word' id='word_1_75' title='bbox 142 849 437 907; x_wconf 77' lang='lat' dir='ltr'>Nepentlzum</span> <span class='ocrx_word' id='word_1_76' title='bbox 469 860 609 893; x_wconf 91' lang='lat' dir='ltr'>noctu</span> <span class='ocrx_word' id='word_1_77' title='bbox 634 866 687 893; x_wconf 90' lang='lat' dir='ltr'>co</span> <span class='ocrx_word' id='word_1_78' title='bbox 711 850 888 909; x_wconf 81' lang='lat' dir='ltr'>ligitur,</span> <span class='ocrx_word' id='word_1_79' title='bbox 920 850 994 894; x_wconf 90' lang='lat' dir='ltr'>vel</span> <span class='ocrx_word' id='word_1_80' title='bbox 1041 867 1098 894; x_wconf 77' lang='lat' dir='ltr'>ex</span> <span class='ocrx_word' id='word_1_81' title='bbox 1128 852 1275 893; x_wconf 86' lang='lat' dir='ltr'>acutis</span> <span class='ocrx_word' id='word_1_82' title='bbox 1306 851 1439 893; x_wconf 90' lang='lat' dir='ltr'>folio-</span> 
     </span>
     <span class='ocr_line' id='line_1_13' title="bbox 136 910 1439 968; baseline 0 -16"><span class='ocrx_word' id='word_1_83' title='bbox 136 926 239 952; x_wconf 86' lang='lat' dir='ltr'>rum</span> <span class='ocrx_word' id='word_1_84' title='bbox 272 911 482 968; x_wconf 83' lang='lat' dir='ltr'>apicibus</span> <span class='ocrx_word' id='word_1_85' title='bbox 513 912 560 952; x_wconf 89' lang='lat' dir='ltr'>in</span> <span class='ocrx_word' id='word_1_86' title='bbox 592 910 890 964; x_wconf 81' lang='lat' dir='ltr'>Graminibus,</span> <span class='ocrx_word' id='word_1_87' title='bbox 913 911 1065 953; x_wconf 79' lang='lat' dir='ltr'>Musis</span> <span class='ocrx_word' id='word_1_88' title='bbox 1089 944 1100 962; x_wconf 91' lang='lat'><strong><em>,</em></strong></span> <span class='ocrx_word' id='word_1_89' title='bbox 1126 911 1439 968; x_wconf 80' lang='lat' dir='ltr'>pluribusque</span> 
     </span>
     <span class='ocr_line' id='line_1_14' title="bbox 138 969 1438 1027; baseline 0.002 -17"><span class='ocrx_word' id='word_1_90' title='bbox 138 970 244 1012; x_wconf 81' lang='lat' dir='ltr'>Aris</span> <span class='ocrx_word' id='word_1_91' title='bbox 275 985 452 1012; x_wconf 88' lang='lat' dir='ltr'>summo</span> <span class='ocrx_word' id='word_1_92' title='bbox 484 986 614 1012; x_wconf 87' lang='lat' dir='ltr'>mane</span> <span class='ocrx_word' id='word_1_93' title='bbox 646 969 870 1020; x_wconf 78' lang='lat' dir='ltr'>distillat,</span> <span class='ocrx_word' id='word_1_94' title='bbox 902 969 977 1012; x_wconf 85' lang='lat' dir='ltr'>vel</span> <span class='ocrx_word' id='word_1_95' title='bbox 1008 985 1106 1027; x_wconf 82' lang='lat' dir='ltr'>quae</span> <span class='ocrx_word' id='word_1_96' title='bbox 1136 986 1193 1012; x_wconf 81' lang='lat' dir='ltr'>ex</span> <span class='ocrx_word' id='word_1_97' title='bbox 1237 972 1438 1026; x_wconf 84' lang='lat' dir='ltr'>juniori-</span> 
     </span>
     <span class='ocr_line' id='line_1_15' title="bbox 137 1029 1440 1087; baseline 0.001 -15"><span class='ocrx_word' id='word_1_98' title='bbox 137 1030 225 1072; x_wconf 78' lang='lat' dir='ltr'>bus</span> <span class='ocrx_word' id='word_1_99' title='bbox 257 1032 392 1071; x_wconf 84' lang='lat' dir='ltr'>ramis</span> <span class='ocrx_word' id='word_1_100' title='bbox 423 1029 703 1086; x_wconf 77' lang='lat' dir='ltr'>Caesczlpinioe</span> <span class='ocrx_word' id='word_1_101' title='bbox 739 1030 955 1086; x_wconf 78' lang='lat' dir='ltr'>pluviosae</span> <span class='ocrx_word' id='word_1_102' title='bbox 995 1036 1125 1087; x_wconf 84' lang='lat' dir='ltr'>grato</span> <span class='ocrx_word' id='word_1_103' title='bbox 1176 1030 1440 1086; x_wconf 84' lang='lat' dir='ltr'>spectaculo</span> 
     </span>
     <span class='ocr_line' id='line_1_16' title="bbox 136 1086 1441 1147; baseline 0.002 -18"><span class='ocrx_word' id='word_1_104' title='bbox 136 1091 183 1130; x_wconf 89' lang='lat' dir='ltr'>in</span> <span class='ocrx_word' id='word_1_105' title='bbox 214 1090 405 1131; x_wconf 88' lang='lat' dir='ltr'>Brasilia</span> <span class='ocrx_word' id='word_1_106' title='bbox 435 1088 643 1147; x_wconf 85' lang='lat' dir='ltr'>depluit.</span> <span class='ocrx_word' id='word_1_107' title='bbox 678 1087 841 1147; x_wconf 85' lang='lat' dir='ltr'>Neque</span> <span class='ocrx_word' id='word_1_108' title='bbox 873 1097 1024 1130; x_wconf 87' lang='lat' dir='ltr'>tamen</span> <span class='ocrx_word' id='word_1_109' title='bbox 1070 1086 1325 1146; x_wconf 89' lang='lat' dir='ltr'>putandum</span> <span class='ocrx_word' id='word_1_110' title='bbox 1372 1098 1441 1132; x_wconf 81' lang='lat' dir='ltr'>est</span> 
     </span>
     <span class='ocr_line' id='line_1_17' title="bbox 135 1149 1436 1206; baseline 0.002 -17"><span class='ocrx_word' id='word_1_111' title='bbox 135 1164 241 1190; x_wconf 86' lang='lat' dir='ltr'>cum</span> <span class='ocrx_word' id='word_1_112' title='bbox 272 1149 470 1199; x_wconf 83' lang='lat' dir='ltr'>Halesio‚</span> <span class='ocrx_word' id='word_1_113' title='bbox 502 1156 714 1190; x_wconf 86' lang='lat' dir='ltr'>naturam</span> <span class='ocrx_word' id='word_1_114' title='bbox 746 1150 844 1204; x_wconf 90' lang='lat' dir='ltr'>ejus</span> <span class='ocrx_word' id='word_1_115' title='bbox 865 1164 957 1190; x_wconf 89' lang='lat' dir='ltr'>esse</span> <span class='ocrx_word' id='word_1_116' title='bbox 990 1163 1178 1206; x_wconf 87' lang='lat' dir='ltr'>prorsus</span> <span class='ocrx_word' id='word_1_117' title='bbox 1201 1163 1436 1205; x_wconf 83' lang='lat' dir='ltr'>aquosam,</span> 
     </span>
     <span class='ocr_line' id='line_1_18' title="bbox 135 1207 1439 1264; baseline 0.002 -16"><span class='ocrx_word' id='word_1_118' title='bbox 135 1224 241 1250; x_wconf 89' lang='lat' dir='ltr'>cum</span> <span class='ocrx_word' id='word_1_119' title='bbox 275 1209 597 1250; x_wconf 86' lang='lat' dir='ltr'>Sennebierius</span> <span class='ocrx_word' id='word_1_120' title='bbox 628 1208 840 1264; x_wconf 86' lang='lat' dir='ltr'>chymica</span> <span class='ocrx_word' id='word_1_121' title='bbox 887 1207 1065 1264; x_wconf 85' lang='lat' dir='ltr'>analysi</span> <span class='ocrx_word' id='word_1_122' title='bbox 1117 1208 1343 1250; x_wconf 81' lang='lat' dir='ltr'>detexerit</span> <span class='ocrx_word' id='word_1_123' title='bbox 1390 1211 1439 1251; x_wconf 92' lang='lat' dir='ltr'>in</span> 
     </span>
     <span class='ocr_line' id='line_1_19' title="bbox 132 1267 1439 1325; baseline 0.001 -16"><span class='ocrx_word' id='word_1_124' title='bbox 132 1267 218 1309; x_wconf 83' lang='lat' dir='ltr'>illa</span> <span class='ocrx_word' id='word_1_125' title='bbox 251 1277 350 1309; x_wconf 88' lang='lat' dir='ltr'>tum</span> <span class='ocrx_word' id='word_1_126' title='bbox 381 1267 642 1325; x_wconf 87' lang='lat' dir='ltr'>sulphatem</span> <span class='ocrx_word' id='word_1_127' title='bbox 668 1299 680 1318; x_wconf 86' lang='lat'><strong>,</strong></span> <span class='ocrx_word' id='word_1_128' title='bbox 711 1275 758 1309; x_wconf 90' lang='lat' dir='ltr'>et</span> <span class='ocrx_word' id='word_1_129' title='bbox 802 1268 1096 1310; x_wconf 87' lang='lat' dir='ltr'>carbonatem</span> <span class='ocrx_word' id='word_1_130' title='bbox 1149 1267 1306 1320; x_wconf 84' lang='lat' dir='ltr'>calcis,</span> <span class='ocrx_word' id='word_1_131' title='bbox 1338 1274 1439 1310; x_wconf 86' lang='lat' dir='ltr'>tum</span> 
     </span>
     <span class='ocr_line' id='line_1_20' title="bbox 133 1325 1439 1386; baseline 0.002 -18"><span class='ocrx_word' id='word_1_132' title='bbox 133 1329 362 1385; x_wconf 86' lang='lat' dir='ltr'>principia</span> <span class='ocrx_word' id='word_1_133' title='bbox 393 1327 687 1385; x_wconf 81' lang='lat' dir='ltr'>mucilaginis</span> <span class='ocrx_word' id='word_1_134' title='bbox 710 1359 723 1378; x_wconf 92' lang='lat'>,</span> <span class='ocrx_word' id='word_1_135' title='bbox 753 1334 799 1370; x_wconf 88' lang='lat' dir='ltr'>et</span> <span class='ocrx_word' id='word_1_136' title='bbox 851 1330 1003 1370; x_wconf 86' lang='lat' dir='ltr'>resinae</span> <span class='ocrx_word' id='word_1_137' title='bbox 1028 1359 1040 1379; x_wconf 84' lang='lat'><strong>,</strong></span> <span class='ocrx_word' id='word_1_138' title='bbox 1084 1325 1269 1386; x_wconf 87' lang='lat' dir='ltr'>aliaque</span> <span class='ocrx_word' id='word_1_139' title='bbox 1319 1326 1439 1370; x_wconf 82' lang='lat' dir='ltr'>forte</span> 
     </span>
     <span class='ocr_line' id='line_1_21' title="bbox 133 1387 1438 1445; baseline 0.002 -17"><span class='ocrx_word' id='word_1_140' title='bbox 133 1387 387 1445; x_wconf 82' lang='lat' dir='ltr'>detegenda</span> <span class='ocrx_word' id='word_1_141' title='bbox 426 1392 686 1445; x_wconf 85' lang='lat' dir='ltr'>supersint,</span> <span class='ocrx_word' id='word_1_142' title='bbox 721 1395 859 1445; x_wconf 87' lang='lat' dir='ltr'>prout</span> <span class='ocrx_word' id='word_1_143' title='bbox 891 1388 980 1430; x_wconf 86' lang='lat' dir='ltr'>haec</span> <span class='ocrx_word' id='word_1_144' title='bbox 1005 1403 1180 1445; x_wconf 85' lang='lat' dir='ltr'>aquosa</span> <span class='ocrx_word' id='word_1_145' title='bbox 1224 1390 1438 1431; x_wconf 85' lang='lat' dir='ltr'>materies</span> 
     </span>
     <span class='ocr_line' id='line_1_22' title="bbox 133 1446 1113 1505; baseline 0 -17"><span class='ocrx_word' id='word_1_146' title='bbox 133 1463 161 1489; x_wconf 90' lang='lat' dir='ltr'>a</span> <span class='ocrx_word' id='word_1_147' title='bbox 192 1448 384 1490; x_wconf 88' lang='lat' dir='ltr'>diversis</span> <span class='ocrx_word' id='word_1_148' title='bbox 416 1446 642 1505; x_wconf 85' lang='lat' dir='ltr'>stirpibus</span> <span class='ocrx_word' id='word_1_149' title='bbox 672 1447 850 1490; x_wconf 87' lang='lat' dir='ltr'>diversa</span> <span class='ocrx_word' id='word_1_150' title='bbox 881 1448 1076 1490; x_wconf 86' lang='lat' dir='ltr'>exsudat</span> <span class='ocrx_word' id='word_1_151' title='bbox 1103 1479 1113 1489; x_wconf 86' lang='lat'><strong>.</strong></span> 
     </span>
    </p>

    <p class='ocr_par' dir='ltr' id='par_1_3' title="bbox 129 1506 1437 1922">
     <span class='ocr_line' id='line_1_23' title="bbox 193 1506 1436 1565; baseline 0 -16"><span class='ocrx_word' id='word_1_152' title='bbox 193 1508 237 1562; x_wconf 54' lang='grc' dir='ltr'>ξ.</span> <span class='ocrx_word' id='word_1_153' title='bbox 271 1509 378 1549; x_wconf 78' lang='lat'>313.</span> <span class='ocrx_word' id='word_1_154' title='bbox 407 1506 469 1548; x_wconf 91' lang='lat' dir='ltr'>At</span> <span class='ocrx_word' id='word_1_155' title='bbox 499 1507 589 1549; x_wconf 85' lang='lat' dir='ltr'>haec</span> <span class='ocrx_word' id='word_1_156' title='bbox 620 1509 720 1565; x_wconf 89' lang='lat' dir='ltr'>ipsa</span> <span class='ocrx_word' id='word_1_157' title='bbox 750 1522 921 1565; x_wconf 87' lang='lat' dir='ltr'>aquosa</span> <span class='ocrx_word' id='word_1_158' title='bbox 945 1508 1157 1548; x_wconf 87' lang='lat' dir='ltr'>materies</span> <span class='ocrx_word' id='word_1_159' title='bbox 1189 1507 1346 1564; x_wconf 86' lang='lat' dir='ltr'>saepius</span> <span class='ocrx_word' id='word_1_160' title='bbox 1369 1508 1436 1549; x_wconf 91' lang='lat' dir='ltr'>in-</span> 
     </span>
     <span class='ocr_line' id='line_1_24' title="bbox 130 1565 1437 1625; baseline 0 -17"><span class='ocrx_word' id='word_1_161' title='bbox 130 1566 330 1608; x_wconf 85' lang='lat' dir='ltr'>visibilis</span> <span class='ocrx_word' id='word_1_162' title='bbox 375 1565 529 1608; x_wconf 88' lang='lat' dir='ltr'>avolat</span> <span class='ocrx_word' id='word_1_163' title='bbox 560 1582 583 1609; x_wconf 90' lang='lat' dir='ltr'>e</span> <span class='ocrx_word' id='word_1_164' title='bbox 615 1566 773 1625; x_wconf 86' lang='lat' dir='ltr'>planta</span> <span class='ocrx_word' id='word_1_165' title='bbox 800 1599 812 1618; x_wconf 84' lang='grc'>,</span> <span class='ocrx_word' id='word_1_166' title='bbox 844 1573 890 1608; x_wconf 87' lang='lat' dir='ltr'>et</span> <span class='ocrx_word' id='word_1_167' title='bbox 936 1568 1085 1624; x_wconf 86' lang='lat' dir='ltr'>specie</span> <span class='ocrx_word' id='word_1_168' title='bbox 1130 1565 1247 1608; x_wconf 88' lang='lat' dir='ltr'>aeris</span> <span class='ocrx_word' id='word_1_169' title='bbox 1271 1597 1283 1617; x_wconf 92' lang='lat'><strong>,</strong></span> <span class='ocrx_word' id='word_1_170' title='bbox 1308 1565 1437 1608; x_wconf 87' lang='lat' dir='ltr'>calo-</span> 
     </span>
     <span class='ocr_line' id='line_1_25' title="bbox 134 1625 1435 1684; baseline 0.002 -17"><span class='ocrx_word' id='word_1_171' title='bbox 134 1642 183 1667; x_wconf 87' lang='lat' dir='ltr'>re</span> <span class='ocrx_word' id='word_1_172' title='bbox 215 1627 460 1682; x_wconf 85' lang='lat' dir='ltr'>adjuvante</span> <span class='ocrx_word' id='word_1_173' title='bbox 488 1657 499 1677; x_wconf 82' lang='lat'><strong>,</strong></span> <span class='ocrx_word' id='word_1_174' title='bbox 528 1626 773 1668; x_wconf 84' lang='lat' dir='ltr'>exhalatur</span> <span class='ocrx_word' id='word_1_175' title='bbox 792 1656 802 1668; x_wconf 85' lang='lat'><strong>.</strong></span> <span class='ocrx_word' id='word_1_176' title='bbox 836 1625 984 1681; x_wconf 85' lang='lat' dir='ltr'>Cujus</span> <span class='ocrx_word' id='word_1_177' title='bbox 1014 1625 1201 1684; x_wconf 90' lang='lat' dir='ltr'>quidem</span> <span class='ocrx_word' id='word_1_178' title='bbox 1255 1628 1321 1668; x_wconf 88' lang='lat' dir='ltr'>rei</span> <span class='ocrx_word' id='word_1_179' title='bbox 1352 1642 1435 1670; x_wconf 87' lang='lat' dir='ltr'>nos</span> 
     </span>
     <span class='ocr_line' id='line_1_26' title="bbox 131 1685 1432 1743; baseline 0.002 -16"><span class='ocrx_word' id='word_1_180' title='bbox 131 1701 374 1727; x_wconf 87' lang='lat' dir='ltr'>monemur</span> <span class='ocrx_word' id='word_1_181' title='bbox 400 1717 410 1736; x_wconf 93' lang='lat'><strong>,</strong></span> <span class='ocrx_word' id='word_1_182' title='bbox 443 1700 550 1727; x_wconf 88' lang='lat' dir='ltr'>cum</span> <span class='ocrx_word' id='word_1_183' title='bbox 577 1688 697 1728; x_wconf 88' lang='lat' dir='ltr'>intra</span> <span class='ocrx_word' id='word_1_184' title='bbox 720 1700 799 1728; x_wconf 88' lang='lat' dir='ltr'>vas</span> <span class='ocrx_word' id='word_1_185' title='bbox 832 1688 1032 1728; x_wconf 87' lang='lat' dir='ltr'>vitreum</span> <span class='ocrx_word' id='word_1_186' title='bbox 1053 1718 1064 1738; x_wconf 92' lang='lat'>‚</span> <span class='ocrx_word' id='word_1_187' title='bbox 1098 1700 1192 1743; x_wconf 88' lang='lat' dir='ltr'>quo</span> <span class='ocrx_word' id='word_1_188' title='bbox 1223 1685 1432 1743; x_wconf 86' lang='lat' dir='ltr'>plantam</span> 
     </span>
     <span class='ocr_line' id='line_1_27' title="bbox 129 1746 1435 1803; baseline 0.003 -17"><span class='ocrx_word' id='word_1_189' title='bbox 129 1748 340 1803; x_wconf 80' lang='lat' dir='ltr'>tegimus,</span> <span class='ocrx_word' id='word_1_190' title='bbox 363 1760 581 1803; x_wconf 86' lang='lat' dir='ltr'>Vaporem</span> <span class='ocrx_word' id='word_1_191' title='bbox 607 1747 706 1802; x_wconf 88' lang='lat' dir='ltr'>ejus</span> <span class='ocrx_word' id='word_1_192' title='bbox 733 1753 916 1787; x_wconf 87' lang='lat' dir='ltr'>tenuem</span> <span class='ocrx_word' id='word_1_193' title='bbox 941 1746 1232 1803; x_wconf 81' lang='lat' dir='ltr'>colligimus3</span> <span class='ocrx_word' id='word_1_194' title='bbox 1265 1750 1435 1791; x_wconf 84' lang='lat' dir='ltr'>etenim</span> 
     </span>
     <span class='ocr_line' id='line_1_28' title="bbox 131 1803 1433 1863; baseline 0.002 -16"><span class='ocrx_word' id='word_1_195' title='bbox 131 1804 206 1847; x_wconf 93' lang='lat' dir='ltr'>hic</span> <span class='ocrx_word' id='word_1_196' title='bbox 232 1837 243 1856; x_wconf 86' lang='lat'>,</span> <span class='ocrx_word' id='word_1_197' title='bbox 290 1805 401 1847; x_wconf 88' lang='lat' dir='ltr'>dum</span> <span class='ocrx_word' id='word_1_198' title='bbox 450 1803 654 1863; x_wconf 78' lang='lat' dir='ltr'>frigefit,</span> <span class='ocrx_word' id='word_1_199' title='bbox 695 1807 864 1848; x_wconf 80' lang='lat' dir='ltr'>iterum</span> <span class='ocrx_word' id='word_1_200' title='bbox 908 1806 1212 1848; x_wconf 82' lang='lat' dir='ltr'>condensatur</span> <span class='ocrx_word' id='word_1_201' title='bbox 1237 1836 1248 1857; x_wconf 88' lang='lat'><strong>‚</strong></span> <span class='ocrx_word' id='word_1_202' title='bbox 1282 1814 1329 1849; x_wconf 84' lang='lat' dir='ltr'>et</span> <span class='ocrx_word' id='word_1_203' title='bbox 1374 1823 1433 1850; x_wconf 80' lang='lat' dir='ltr'>ex</span> 
     </span>
     <span class='ocr_line' id='line_1_29' title="bbox 130 1863 1302 1922; baseline 0.003 -17"><span class='ocrx_word' id='word_1_204' title='bbox 130 1866 323 1907; x_wconf 87' lang='lat' dir='ltr'>internis</span> <span class='ocrx_word' id='word_1_205' title='bbox 353 1866 462 1907; x_wconf 88' lang='lat' dir='ltr'>vitri</span> <span class='ocrx_word' id='word_1_206' title='bbox 494 1865 751 1922; x_wconf 87' lang='lat' dir='ltr'>parietibus</span> <span class='ocrx_word' id='word_1_207' title='bbox 782 1866 899 1908; x_wconf 87' lang='lat' dir='ltr'>roris</span> <span class='ocrx_word' id='word_1_208' title='bbox 930 1867 1073 1908; x_wconf 87' lang='lat' dir='ltr'>instar</span> <span class='ocrx_word' id='word_1_209' title='bbox 1106 1863 1268 1907; x_wconf 87' lang='lat' dir='ltr'>defluit</span> <span class='ocrx_word' id='word_1_210' title='bbox 1292 1897 1302 1908; x_wconf 89' lang='lat'><strong>.</strong></span> 
     </span>
    </p>

    <p class='ocr_par' dir='ltr' id='par_1_4' title="bbox 131 1923 1432 2285">
     <span class='ocr_line' id='line_1_30' title="bbox 190 1923 1430 1984; baseline -0.001 -17"><span class='ocrx_word' id='word_1_211' title='bbox 190 1925 235 1980; x_wconf 56' lang='grc' dir='ltr'>ς.</span> <span class='ocrx_word' id='word_1_212' title='bbox 268 1927 371 1982; x_wconf 83' lang='lat'><strong>319.</strong></span> <span class='ocrx_word' id='word_1_213' title='bbox 403 1923 654 1967; x_wconf 81' lang='lat' dir='ltr'>Exhalatio</span> <span class='ocrx_word' id='word_1_214' title='bbox 685 1924 775 1967; x_wconf 89' lang='lat' dir='ltr'>haec</span> <span class='ocrx_word' id='word_1_215' title='bbox 808 1926 944 1982; x_wconf 83' lang='lat' dir='ltr'>juxta</span> <span class='ocrx_word' id='word_1_216' title='bbox 974 1925 1184 1984; x_wconf 82' lang='lat' dir='ltr'>pericula</span> <span class='ocrx_word' id='word_1_217' title='bbox 1214 1925 1387 1968; x_wconf 85' lang='lat' dir='ltr'>Halesii</span> <span class='ocrx_word' id='word_1_218' title='bbox 1417 1958 1430 1978; x_wconf 86' lang='lat'><strong><em>‚</em></strong></span> 
     </span>
     <span class='ocr_line' id='line_1_31' title="bbox 135 1983 1432 2044; baseline 0.003 -19"><span class='ocrx_word' id='word_1_219' title='bbox 135 1983 379 2026; x_wconf 86' lang='lat' dir='ltr'>Guettardi</span> <span class='ocrx_word' id='word_1_220' title='bbox 400 2016 411 2036; x_wconf 82' lang='lat'><strong>,</strong></span> <span class='ocrx_word' id='word_1_221' title='bbox 444 1985 655 2036; x_wconf 87' lang='lat' dir='ltr'>Hamelii,</span> <span class='ocrx_word' id='word_1_222' title='bbox 689 1993 733 2027; x_wconf 87' lang='lat' dir='ltr'>et</span> <span class='ocrx_word' id='word_1_223' title='bbox 762 1984 953 2027; x_wconf 89' lang='lat' dir='ltr'>Bonneti</span> <span class='ocrx_word' id='word_1_224' title='bbox 999 1988 1224 2044; x_wconf 86' lang='lat' dir='ltr'>praecipue</span> <span class='ocrx_word' id='word_1_225' title='bbox 1253 1984 1303 2027; x_wconf 84' lang='lat' dir='ltr'>fit</span> <span class='ocrx_word' id='word_1_226' title='bbox 1351 2002 1432 2043; x_wconf 80' lang='lat' dir='ltr'>per</span> 
     </span>
     <span class='ocr_line' id='line_1_32' title="bbox 132 2044 1431 2104; baseline 0.002 -18"><span class='ocrx_word' id='word_1_227' title='bbox 132 2044 263 2096; x_wconf 79' lang='lat' dir='ltr'>folia,</span> <span class='ocrx_word' id='word_1_228' title='bbox 292 2053 563 2102; x_wconf 78' lang='lat' dir='ltr'>caeterasque</span> <span class='ocrx_word' id='word_1_229' title='bbox 580 2044 780 2087; x_wconf 83' lang='lat' dir='ltr'>foliaceae</span> <span class='ocrx_word' id='word_1_230' title='bbox 799 2054 970 2088; x_wconf 82' lang='lat' dir='ltr'>naturae</span> <span class='ocrx_word' id='word_1_231' title='bbox 995 2054 1160 2104; x_wconf 86' lang='lat' dir='ltr'>partes.</span> <span class='ocrx_word' id='word_1_232' title='bbox 1186 2047 1431 2104; x_wconf 86' lang='lat' dir='ltr'>Copiosior</span> 
     </span>
     <span class='ocr_line' id='line_1_33' title="bbox 131 2104 1432 2163; baseline 0.005 -19"><span class='ocrx_word' id='word_1_233' title='bbox 131 2119 316 2161; x_wconf 88' lang='lat' dir='ltr'>quoque</span> <span class='ocrx_word' id='word_1_234' title='bbox 339 2106 433 2146; x_wconf 85' lang='lat' dir='ltr'>exit</span> <span class='ocrx_word' id='word_1_235' title='bbox 456 2113 554 2148; x_wconf 82' lang='lat' dir='ltr'>tum</span> <span class='ocrx_word' id='word_1_236' title='bbox 569 2121 591 2148; x_wconf 91' lang='lat' dir='ltr'>e</span> <span class='ocrx_word' id='word_1_237' title='bbox 613 2104 798 2163; x_wconf 85' lang='lat' dir='ltr'>plantis,</span> <span class='ocrx_word' id='word_1_238' title='bbox 814 2121 910 2163; x_wconf 83' lang='lat' dir='ltr'>quae</span> <span class='ocrx_word' id='word_1_239' title='bbox 935 2106 1163 2148; x_wconf 76' lang='lat' dir='ltr'>herbaceae</span> <span class='ocrx_word' id='word_1_240' title='bbox 1188 2115 1308 2157; x_wconf 85' lang='lat' dir='ltr'>sunt,</span> <span class='ocrx_word' id='word_1_241' title='bbox 1333 2114 1432 2150; x_wconf 85' lang='lat' dir='ltr'>tum</span> 
     </span>
     <span class='ocr_line' id='line_1_34' title="bbox 132 2163 1431 2223; baseline 0.002 -18"><span class='ocrx_word' id='word_1_242' title='bbox 132 2163 295 2206; x_wconf 86' lang='lat' dir='ltr'>efoliis</span> <span class='ocrx_word' id='word_1_243' title='bbox 325 2165 558 2216; x_wconf 83' lang='lat' dir='ltr'>tenuibus,</span> <span class='ocrx_word' id='word_1_244' title='bbox 591 2165 887 2223; x_wconf 86' lang='lat' dir='ltr'>deciduisque</span> <span class='ocrx_word' id='word_1_245' title='bbox 906 2197 915 2208; x_wconf 88' lang='lat'><strong>.</strong></span> <span class='ocrx_word' id='word_1_246' title='bbox 948 2165 1137 2217; x_wconf 88' lang='lat' dir='ltr'>Verum,</span> <span class='ocrx_word' id='word_1_247' title='bbox 1162 2164 1285 2208; x_wconf 87' lang='lat' dir='ltr'>foliis</span> <span class='ocrx_word' id='word_1_248' title='bbox 1313 2166 1431 2217; x_wconf 88' lang='lat' dir='ltr'>oleo,</span> 
     </span>
     <span class='ocr_line' id='line_1_35' title="bbox 133 2224 1431 2285; baseline 0.001 -18"><span class='ocrx_word' id='word_1_249' title='bbox 133 2232 218 2267; x_wconf 83' lang='lat' dir='ltr'>aut</span> <span class='ocrx_word' id='word_1_250' title='bbox 250 2224 427 2281; x_wconf 80' lang='lat' dir='ltr'>glutine</span> <span class='ocrx_word' id='word_1_251' title='bbox 458 2224 643 2268; x_wconf 87' lang='lat' dir='ltr'>illinitis</span> <span class='ocrx_word' id='word_1_252' title='bbox 662 2258 673 2276; x_wconf 88' lang='lat'><strong><em>‚</em></strong></span> <span class='ocrx_word' id='word_1_253' title='bbox 703 2226 994 2268; x_wconf 86' lang='lat' dir='ltr'>imminuitur</span> <span class='ocrx_word' id='word_1_254' title='bbox 1018 2259 1029 2277; x_wconf 85' lang='lat'>‚</span> <span class='ocrx_word' id='word_1_255' title='bbox 1062 2234 1200 2285; x_wconf 87' lang='lat' dir='ltr'>atque</span> <span class='ocrx_word' id='word_1_256' title='bbox 1251 2234 1396 2268; x_wconf 83' lang='lat' dir='ltr'>cessat</span> <span class='ocrx_word' id='word_1_257' title='bbox 1419 2259 1431 2278; x_wconf 88' lang='lat'><em>‚</em></span> 
     </span>
    </p>

    <p class='ocr_par' dir='ltr' id='par_1_5' title="bbox 190 2283 1431 2351">
     <span class='ocr_line' id='line_1_36' title="bbox 190 2283 1431 2351; baseline 0.003 -25"><span class='ocrx_word' id='word_1_258' title='bbox 190 2284 370 2351; x_wconf 22' lang='lat'><strong>§.⁹320.</strong></span> <span class='ocrx_word' id='word_1_259' title='bbox 401 2284 572 2338; x_wconf 86' lang='lat' dir='ltr'>Calor,</span> <span class='ocrx_word' id='word_1_260' title='bbox 618 2294 664 2329; x_wconf 89' lang='lat' dir='ltr'>et</span> <span class='ocrx_word' id='word_1_261' title='bbox 708 2283 793 2329; x_wconf 78' lang='lat' dir='ltr'>lux</span> <span class='ocrx_word' id='word_1_262' title='bbox 841 2285 1095 2346; x_wconf 85' lang='lat' dir='ltr'>plurimum</span> <span class='ocrx_word' id='word_1_263' title='bbox 1141 2286 1431 2347; x_wconf 85' lang='lat' dir='ltr'>opitulantur</span> 
     </span>
    </p>
   </div>
  </div>
 </body>
</html>
