1669 2563
1268 154 1347 209 293

182 262 318 304 Acres
343 293 352 310 ‚
390 262 576 302 causticz·
602 291 612 308 ,
646 259 851 314 linguam
883 264 1061 300 urentes
1088 295 1096 303 ,

178 321 350 379 qucosi
369 321 528 377 ‚uidest
559 317 743 375 insipidi
769 349 778 357 .

639 434 866 477 Mensurae
885 467 894 475 .

178 559 222 615 §.
261 556 357 599 160.
391 555 543 613 Magni
568 556 785 596 momenti
842 568 952 610 saepe
990 559 1057 593 est
1113 567 1325 593 mensura
1374 555 1419 591 in

120 616 471 660 determinandis
503 615 741 672 speciebus
765 647 776 666 ,
809 628 954 669 eaque
1006 611 1180 669 triplici
1239 614 1421 668 potissi-

126 693 252 720 mum
286 679 459 717 ratione
491 676 724 717 obtinetur
751 707 759 716 .
793 673 945 715 Prima
975 671 1230 713 desumitur
1255 686 1279 711 a
1300 686 1423 713 com-

120 739 356 796 paratione
388 736 584 777 duarum
615 768 625 786 ‚
665 743 747 776 aut
762 733 969 792 plurium
1002 731 1294 789 plantarum)
1350 729 1422 770 vel

122 798 322 856 partium
355 811 511 837 earum
548 799 665 837 inter
699 811 742 837 se
768 828 778 845 ‚
805 793 924 835 unde
957 792 1142 850 planta,
1189 790 1262 833 vel
1325 805 1426 847 pass

127 857 288 916 plantae
321 855 493 898 dicitur

182 917 405 973 AEth‘s,
427 917 617 972 longior,
637 915 815 963 brevior,
833 914 999 969 major,
1016 915 1169 962 minor,
1187 912 1325 967 duplo
1341 911 1426 951 διε.

126 978 304 1034 longior
328 1009 339 1027 ,
372 986 451 1018 aut
481 978 628 1032 major
649 1009 659 1026 ‚
692 975 868 1016 dimidio
900 972 980 1014 &a
1012 971 1198 1021 brevior,
1226 979 1306 1012 ant
1346 973 1427 1010 mi-

123 1052 206 1080 nor
248 1037 370 1087 alia,
407 1037 474 1078 vel
496 1038 600 1078 aliis
623 1069 633 1086 ‚
662 1035 918 1092 quibuscum
948 1041 1234 1089 comparatur
1259 1063 1267 1071 .

127 1097 338 1140 Secundo
360 1112 570 1138 mensura
596 1095 856 1154 plantarum
880 1095 1014 1149 juxta
1035 1091 1303 1134 methodum
1325 1089 1428 1130 Lin-

122 1173 321 1199 naeanam
352 1156 548 1199 refertur
581 1156 638 1197 ad
686 1170 892 1197 normam
942 1153 1226 1210 desumptam
1256 1166 1282 1190 a
1324 1153 1430 1206 qui-

123 1217 318 1261 busdam
345 1218 556 1275 partibus
586 1217 791 1274 corporis
822 1216 965 1256 nostri
989 1246 998 1254 .
1020 1210 1297 1268 Hujusmodi
1323 1224 1424 1250 nor-

129 1293 204 1319 ma
230 1277 404 1318 dicitur

186 1337 394 1393 Capillus
419 1370 430 1387 ‚
464 1351 557 1394 quo
594 1334 899 1393 intelligimus
943 1333 1220 1374 diametrum
1269 1328 1430 1386 capilli

125 1399 290 1454 capitis
321 1398 463 1440 nostri
493 1430 503 1447 ,
538 1399 630 1438 sive
661 1395 980 1436 duodecimam
1032 1393 1155 1433 lineae
1210 1400 1386 1448 partem
1424 1421 1432 1430 .

126 1458 237 1500 Pars
268 1457 383 1501 hanc
415 1457 739 1498 dimensionem
772 1455 942 1496 habens
968 1453 1200 1509 capillaris
1232 1451 1389 1492 audit.

195 1516 369 1568 Linea,
403 1532 499 1575 quae
533 1520 782 1574 aequiparat
807 1514 1093 1571 longitudine
1146 1527 1226 1553 sua
1284 1524 1436 1551 macu-

127 1578 220 1620 lam
245 1577 396 1620 albam
419 1580 549 1619 sitam
571 1580 618 1618 in
639 1578 735 1619 basi
758 1577 923 1633 unguis
944 1573 1126 1632 pollicis
1147 1573 1305 1613 nostri.
1333 1570 1431 1611 Haee

127 1638 373 1696 longitudo
406 1646 472 1680 est
502 1654 605 1695 pars
636 1636 907 1679 duodecima
938 1634 1120 1691 pollicis
1147 1666 1155 1674 .

198 1699 373 1756 Unguis
397 1731 407 1749 ,
440 1701 520 1755 qui
552 1698 692 1742 habet
721 1695 1055 1753 longitudinem
1100 1693 1268 1751 unguis
1320 1689 1434 1746 (ligi-

130 1767 284 1800 torum
314 1767 604 1810 nostrorum,
639 1761 731 1800 sive
763 1755 942 1798 dimidii
989 1753 1172 1812 pollicis
1198 1786 1208 1803 ,
1241 1764 1436 1808 parsque

128 1819 213 1861 hac
244 1820 519 1860 dimensione
545 1818 721 1876 pollens
753 1824 943 1860 vocatur
970 1815 1298 1870 angnia-alaris.

190 1880 357 1922 Pollex
384 1913 395 1930 ,
442 1881 526 1936 qui
574 1878 739 1936 longus
797 1885 866 1918 est
891 1909 901 1926 ,
934 1884 987 1917 ut
1019 1873 1221 1932 phalanx
1277 1869 1442 1910 ultima

137 1940 322 1996 pollicis
372 1954 532 1981 manus
582 1946 740 1981 nostrae
764 1972 774 1988 ,
830 1937 948 1978 idest
1000 1934 1242 1975 duodecim
1295 1930 1438 1972 lineas

134 2003 380 2057 aequiparat
398 2033 408 2042 .
439 1999 562 2050 Pars,
595 2007 677 2041 aut
698 1998 870 2056 planta,
903 2010 999 2054 quae
1031 1995 1170 2036 habet
1200 1994 1315 2035 hanc
1339 1991 1440 2032 lon-

135 2061 418 2117 gitudinem,
455 2060 624 2101 dicitur
650 2061 912 2116 pollicaris.

196 2120 378 2171 Palma,
410 2135 506 2178 quae
538 2128 684 2177 aequat
708 2119 1002 2162 latitudinem
1033 2129 1194 2156 manus
1229 2120 1436 2158 extensae,

138 2189 183 2221 et
216 2180 432 2237 adpressae
453 2213 462 2230 ,
516 2188 743 2238 sumptam
783 2194 920 2236 supra
966 2176 1182 2233 pollicem
1212 2205 1222 2221 ‚
1258 2173 1341 2213 hoc
1375 2178 1441 2211 est

139 2242 323 2284 circiter
351 2244 493 2282 trium
518 2239 740 2297 pollicum
763 2272 771 2280 .
806 2238 873 2279 Ex
909 2239 992 2279 hac
1042 2248 1253 2277 mensura
1301 2245 1403 2288 pars
1429 2262 1438 2278 ‚

141 2311 221 2345 aut
252 2300 408 2358 planta
432 2309 724 2358 nuncupatur
755 2301 972 2357 palmaris
994 2330 1001 2338 .
