1669 2563
216 104 294 145 188

152 207 419 252 foliolorum
442 210 487 249 in
507 220 695 248 acumen
715 207 791 247 vix
816 204 1055 262 producto,
1084 211 1164 245 aut
1194 201 1324 244 valde
1349 216 1448 259 pro-

160 271 300 312 ducto
325 301 334 310 .
368 267 637 310 contrarius
670 266 741 308 his
774 265 953 307 obtusus
978 297 988 306 .

213 328 430 380 Erectus,
467 335 632 384 patens
663 359 674 377 ‚
723 326 908 382 reflexus
953 340 979 366 a
1022 324 1301 370 directione,
1358 323 1448 362 sive

157 391 215 433 ab
247 387 416 446 angulo
448 395 584 428 acuto
614 420 624 437 ‚
659 395 780 427 recto
810 418 820 436 ,
853 387 1017 427 obtuso
1049 399 1153 424 cum
1199 380 1331 423 caule
1358 413 1366 422 .

211 449 403 506 Inferias,
425 449 506 505 qui
537 454 582 488 et
611 447 891 502 lzypogynm,
919 444 1035 486 idest
1055 443 1172 485 liber
1194 476 1205 493 ,
1225 450 1269 484 et
1301 442 1453 497 sejun-

161 519 265 552 ctus
290 510 349 550 ab
385 510 541 550 ovario
570 539 580 557 ,
615 508 699 549 sub
734 521 826 563 quo
859 507 1005 546 oritur
1035 536 1045 545 .

220 569 421 626 Superas
442 598 458 620 ,
488 569 569 624 qui
602 575 647 608 et
683 569 926 623 perigytzus
948 598 959 615 ‚
987 579 1092 605 curn
1128 561 1324 604 adhaeret
1356 574 1458 600 ova-

160 631 230 672 rio
257 662 268 680 ,
299 637 345 671 ec
376 629 682 686 supereminet
715 628 923 668 ovarium
954 625 1157 682 margine
1187 655 1198 673 ‚
1232 631 1315 664 aut
1346 619 1458 660 laei-

159 705 265 732 niis.

221 748 422 804 Longior
445 779 457 798 ,
485 747 670 803 oequalis
693 774 705 796 ,
751 744 920 786 brevior
972 743 1140 786 corolla
1169 775 1179 793 ,
1211 757 1237 783 a
1268 755 1462 799 propor-

164 812 287 851 tiOne
313 841 323 850 .

223 869 431 911 caducus
461 864 519 906 ad
550 865 741 921 primam
772 861 1124 920 explicationem
1145 859 1283 903 floris.

225 927 461 970 Deciduus
492 939 598 966 cum
631 922 808 964 corolla
835 954 845 964 .

228 988 475 1029 Persistens
505 983 562 1024 ad
586 984 899 1024 maturitatem
929 979 1110 1022 fructus
1131 1012 1140 1021 .

166 1049 408 1105 Segmenta
459 1042 633 1099 calycis
688 1040 996 1099 monophylli,
1047 1042 1140 1081 sive
1173 1041 1263 1080 sint
1294 1038 1467 1086 dentes,

168 1111 263 1151 sive
293 1106 464 1148 laciniae
483 1137 495 1155 ‚
530 1111 575 1146 et
605 1102 766 1145 foliola
797 1100 971 1157 calycis
1016 1098 1283 1159 polyphylli
1314 1098 1471 1139 dicun-

169 1177 246 1211 tur

229 1225 471 1275 subulam,
493 1238 601 1265 cum
631 1224 809 1273 teretia,
828 1235 1021 1279 superne
1055 1222 1220 1263 sensim
1261 1225 1475 1260 attenua-

173 1298 221 1331 ta
259 1286 410 1329 forma
442 1283 601 1327 subuli
629 1316 638 1325 .

238 1346 453 1389 Linearz‘a
478 1378 489 1397 ‚
529 1359 637 1386 cum
669 1341 807 1402 plana
833 1375 844 1393 ‚
877 1348 922 1383 et
952 1348 1050 1383 tota
1079 1339 1174 1383 fere
1242 1335 1474 1396 aequaliter

173 1414 369 1466 angusta
402 1438 413 1448 .

236 1466 519 1509 Lanceolata
541 1497 552 1514 ,
581 1471 720 1506 ovata
740 1496 750 1513 ,
780 1462 965 1504 cordata
993 1493 1004 1511 ‚
1049 1460 1239 1503 rotunda
1262 1491 1273 1509 ‚
1323 1465 1476 1498 rotun-

180 1531 290 1572 data
311 1561 322 1578 ,
351 1542 377 1568 a
408 1525 555 1568 forma
599 1522 811 1566 lanceolae
839 1555 852 1574 ,
886 1524 958 1564 ovi
984 1554 996 1572 ‚
1041 1520 1207 1571 cordis,
1240 1515 1439 1560 orbiculi
1465 1548 1475 1565 ,

179 1588 363 1632 defectu
395 1585 674 1644 angulorum
699 1618 709 1626 .

241 1647 416 1690 Obtusa
447 1678 459 1696 ‚
489 1653 626 1687 acuta
645 1678 656 1696 ,
686 1645 943 1685 acuminata
968 1674 980 1692 ‚
1016 1644 1191 1696 integra
1211 1669 1228 1690 ,
1257 1637 1482 1693 integerri-

179 1723 250 1752 ma
276 1740 287 1757 ‚
318 1708 502 1748 dentata
530 1738 540 1755 ‚
569 1703 809 1747 vocabulis
838 1703 931 1758 jam
961 1700 1076 1743 alibi
1107 1698 1305 1740 definitis
1329 1730 1339 1738 .

242 1767 475 1819 Aristum,
505 1773 764 1807 mucronata
790 1796 801 1813 ‚
835 1763 1075 1804 terminata
1099 1762 1237 1801 arista
1253 1757 1440 1799 elastica
1467 1788 1478 1805 ‚

184 1827 348 1878 flexili,
379 1825 452 1868 vel
483 1827 692 1867 acumine
724 1823 859 1873 duro,
893 1821 1041 1879 rigido
1061 1853 1072 1872 ,
1106 1819 1326 1877 pungenti
1351 1849 1360 1858 .

246 1887 475 1931 Uncinata
500 1918 511 1937 ,
547 1885 730 1927 hamata
759 1916 770 1935 ,
799 1898 905 1924 cum
936 1883 1081 1924 aristae
1114 1881 1242 1938 apice
1285 1891 1485 1920 curvan-

185 1957 262 1990 tur
294 1947 417 1988 hami
448 1948 587 1987 instar
616 1978 627 1987 .

244 2007 413 2049 Stricta
437 2039 448 2058 ,
485 2014 627 2047 erecta
648 2038 659 2056 ,
692 2003 809 2045 idest
840 2000 1019 2043 corollae
1050 2007 1207 2042 erectae
1239 1997 1453 2054 adpressa
1473 2027 1481 2035 .

247 2067 462 2109 Patentia
482 2099 494 2116 ‚
528 2065 689 2122 reflexa
708 2099 718 2115 ,
750 2079 857 2104 Cum
888 2061 1105 2104 recedunt
1133 2076 1159 2101 a
1189 2057 1363 2101 corolla
1388 2071 1487 2097 ere-

189 2135 265 2169 cta
292 2160 303 2178 ,
336 2136 381 2168 et
412 2125 609 2168 formant
639 2140 745 2167 cum
778 2123 861 2165 illa
892 2121 1114 2180 angulum
1147 2126 1322 2161 rectum
1347 2150 1358 2168 ‚
1413 2113 1486 2157 vel

192 2189 411 2230 obtusum

253 2247 464 2290 Involuta
482 2279 492 2296 ,
526 2248 740 2298 revoluta,
767 2247 893 2304 apice
925 2246 1191 2291 introrsum,
1216 2237 1289 2280 vel
1310 2246 1487 2280 extror-

197 2323 297 2351 sum
327 2306 575 2350 convoluto
603 2340 611 2349 .
