1669 2563
252 106 333 157 184

244 208 448 252 Linearis
469 243 480 261 ‚
508 222 777 266 compressus
801 241 811 259 ,
859 207 1185 264 complanatus,
1208 205 1433 263 filiformis
1464 241 1474 255 ‚

185 278 382 312 setaceus
404 304 416 322 ,
461 271 761 327 cylindracezts
787 301 798 320 ,
851 270 1076 318 clavatus,
1102 266 1416 324 proboscidem
1450 282 1475 307 a

185 330 334 373 forma
360 363 370 372 .

245 388 425 432 Solidus
442 422 452 440 ‚
467 390 700 445 fistulosus
730 405 756 430 a
788 387 964 430 fabrica
995 389 1215 430 interiore
1236 418 1246 429 .

250 450 392 492 Totus
421 458 560 492 tectus
586 482 597 501 ‚
626 450 747 492 idest
778 447 1062 506 genitalibus
1087 480 1097 489 .

244 510 387 567 Apice
416 511 559 551 medus
579 542 595 563 ,
624 525 761 566 supra
791 509 935 550 nudus
952 540 963 559 ,
998 508 1139 550 altera
1166 514 1301 564 parte
1334 506 1478 548 nudus

184 585 212 612 a
241 570 427 612 defectu
465 569 739 627 genitalium
763 601 771 610 .

245 630 548 672 Glandulosus
571 662 582 680 ,
615 633 804 671 cirrosus
823 659 841 680 ,
863 628 1040 684 pilosus
1059 659 1070 677 ‚
1097 641 1205 668 cum
1234 624 1326 677 fert
1355 624 1479 683 glan-

184 688 319 733 'dulas
350 689 575 747 simplices
599 721 611 740 ,
643 697 724 731 aut
753 687 996 746 glandulas
1044 688 1164 728 cirro
1198 688 1475 737 terminatas,

185 757 269 792 aut·
298 749 415 807 pilos
443 782 451 791 .

249 809 458 858 Erectus,
491 807 738 849 declinatus
766 839 777 857 ,
818 809 1078 849 incurvatus
1103 839 1115 858 ,
1151 821 1178 848 a
1220 806 1472 848 directione

186 882 271 910 sua
302 901 313 919 ‚
346 867 419 909 vel
450 869 593 924 apicis
626 869 694 908 sui
725 900 733 908 .

248 927 448 970 obtusus
467 959 478 976 ,
511 935 669 967 acutus
688 958 698 975 ‚
732 927 1011 966 acuminatus
1053 925 1182 982 apice
1205 956 1214 966 .

246 987 534 1030 Marcescens
566 1000 702 1042 supra
735 986 938 1042 germina
964 1016 974 1025 .

244 1046 525 1088 Incalescens
556 1060 747 1103 superne
766 1078 777 1095 ‚
830 1045 1048 1101 statisque
1102 1042 1228 1084 horis
1277 1048 1482 1100 tempore

184 1105 471 1148 florescentiae
494 1139 504 1147 .
966 1133 978 1149 η
1527 1096 1531 1103 “

184 1165 475 1223 Perigoninm
511 1165 806 1222 spathaceum
838 1163 980 1219 hujus
1009 1162 1206 1220 spadicis
1236 1168 1305 1203 est

244 1226 544 1282 Longitudirze
574 1233 775 1283 apertum
796 1257 806 1275 ‚
853 1224 1137 1266 convolutum
1166 1225 1288 1264 circa
1332 1221 1484 1279 spadi-

183 1301 282 1328 cem
309 1319 318 1328 .
1276 1296 1285 1304 “

244 1345 424 1402 Inferne
449 1345 698 1388 tubuloszcm
725 1378 735 1396 ,
767 1346 902 1387 latere
931 1345 1148 1401 superiori
1182 1350 1403 1400 apertum.

253 1406 581 1457 Ventricosmrz‚
613 1421 717 1447 cum
749 1405 924 1446 inferne
957 1411 1140 1460 turget.

243 1466 530 1509 Cucullatum
556 1499 566 1517 ,
600 1482 706 1507 cum
737 1466 795 1507 ab
827 1464 1127 1506 inferioribus
1157 1461 1214 1504 ad
1250 1461 1486 1519 superiora

184 1533 346 1569 Sensim
392 1530 649 1584 sensimque
681 1525 978 1583 'expanditur
1019 1523 1167 1566 forma
1201 1520 1409 1571 cuculli,
1437 1527 1484 1561 et

184 1594 310 1644 patet
333 1618 343 1627 .
804 1593 806 1595 '

244 1646 524 1696 coloratum,
546 1645 619 1686 vel
636 1645 963 1702 petaloideum‚
988 1658 1093 1685 cum
1124 1642 1263 1685 habet
1285 1639 1485 1682 colorem

184 1722 210 1748 a
238 1705 392 1747 colore
423 1706 558 1747 viridi
590 1707 819 1747 diversum
841 1736 850 1745 .

243 1764 498 1807 Foliaceum
524 1799 534 1816 ‚
566 1781 672 1806 cuin
703 1764 868 1806 folium
899 1761 1066 1805 refert.

242 1824 459 1867 Obtusum
483 1859 494 1876 ‚
536 1834 713 1867 acutum
732 1857 743 1875 ‚
776 1826 1075 1865 acuminatum
1094 1855 1105 1873 ‚
1135 1822 1416 1879 cuspidatzmz

183 1887 312 1945 apice
338 1918 348 1927 .

244 1945 430 1987 Rectum
457 1979 468 1995 ,
528 1943 772 2002 reflexum,
806 1941 1053 1999 inflexum,
1085 1949 1165 1983 aut
1191 1940 1470 1997 fornicatum

184 2022 210 2048 a
236 2006 485 2047 directione
504 2038 514 2055 ‚
542 2005 614 2047 vel
649 2020 675 2045 a
706 2003 852 2045 forma
877 2002 1066 2044 fornicis
1089 2035 1099 2044 .

244 2065 490 2107 Persisterzs
513 2098 524 2114 ‚
552 2078 818 2106 marcescens
848 2070 950 2121 post
979 2064 1162 2120 nuptias
1189 2094 1198 2104 .

244 2125 438 2181 Spirale,
469 2125 583 2167 idest
613 2124 840 2182 spiraliter
868 2130 1037 2164 tortum
1059 2155 1069 2164 .

245 2185 420 2227 Foetens
450 2187 508 2227 al)
541 2186 679 2226 odore
711 2184 978 2225 cadaverico
1002 2214 1013 2224 .

243 2246 481 2297 Crinitum,
511 2245 634 2288 villis
667 2245 813 2303 longis
844 2246 1018 2286 interne
1048 2242 1296 2285 barbatum
1320 2274 1328 2283 .
