1669 2563
1316 146 1399 186 255

182 270 214 295 1,
251 253 516 309 Ροζγςαγηία
550 250 761 306 aequalis,
793 263 897 289 eum
932 247 1108 289 flosculi
1143 264 1297 291 onmes
1327 258 1370 291 et
1396 250 1460 290 di-

235 316 296 355 sci
323 345 334 363 ,
387 321 432 353 et
481 311 594 352 radii
647 318 750 350 sunt
803 308 1195 364 lierinapl1r0‹‘litI‚
1240 318 1285 349 et
1338 310 1460 351 serti-

237 373 301 413 les
324 403 334 413 .

178 446 217 473 2.
250 429 512 486 Polygamia
534 425 758 482 superflua
781 457 793 474 ‚
825 439 931 466 cum
962 423 1139 466 flosculi
1195 424 1306 465 disci
1358 436 1462 467 sunt

233 486 590 544 hermaphroditi
611 519 622 536 ‚
656 495 700 526 et
731 484 906 527 fertiles
933 517 944 535 ‚
978 482 1155 526 flosculi
1195 485 1310 525 radii
1357 496 1462 526 sunt

234 546 522 590 unisexuales
546 544 740 586 foeminei
760 577 772 595 ‚
795 548 1055 602 pariterque
1081 543 1254 585 fertiles
1277 559 1332 584 ex
1362 560 1465 601 prae-

236 609 379 650 sentia
405 607 629 662 stigmatis
654 637 664 646 .

177 671 217 711 3.
251 667 518 722 Polygamia
538 664 799 721 frustranea
820 696 830 714 ,
859 678 965 705 cum
993 661 1171 705 flosculi
1210 662 1321 703 disci
1364 671 1468 704 sunt

232 725 595 782 hermaphroditi
623 757 634 774 ,
666 732 711 765 et
751 723 927 765 fertiles
954 755 966 774 ,
999 721 1178 764 flosculi
1212 723 1326 763 radii
1360 731 1465 763 sunt

233 784 527 827 unisexuales
553 783 749 825 foeminei
769 816 779 834 ‚
812 792 859 825 at
890 798 997 824 cum
1017 791 1200 824 careant
1225 784 1434 839 stigmate
1455 814 1467 832 ‚

233 847 405 888 semina
434 843 639 902 proferre
671 852 936 900 nequeunt,
970 843 1163 885 subinde
1206 844 1343 883 etiam
1375 857 1468 884 om-

235 908 283 946 ni
318 919 430 946 sexu
467 904 782 946 destituuntur
808 936 818 945 .

174 969 225 1021 4.
258 965 525 1021 Polygamia
561 967 834 1013 necessaria,
866 977 972 1004 curn
1001 959 1179 1002 flosculi
1212 962 1324 1003 disci
1360 970 1466 1003 sunt

235 1024 599 1081 hermaphroditi
622 1055 633 1074 ,
667 1032 711 1064 et
761 1023 936 1065 steriles
967 1038 992 1063 a
1024 1020 1205 1063 defectu
1233 1023 1471 1079 stigmatis,

238 1082 416 1126 flosculi
458 1084 571 1124 radii
607 1091 712 1123 sunt
742 1082 1034 1124 unisexuales
1066 1081 1292 1131 foeminei,
1326 1089 1370 1122 et
1415 1097 1472 1123 ex

239 1145 474 1201 praesentia
506 1145 731 1200 stigmatis
764 1142 937 1184 fertiles
960 1174 970 1185 .

180 1207 220 1246 5.
255 1204 523 1260 Polygamia
551 1211 808 1258 segregata,
844 1217 950 1243 cum
980 1200 1189 1243 calathus
1237 1201 1473 1258 componi-

239 1272 313 1304 tur
346 1264 560 1320 pluribus
591 1261 781 1304 floribus
813 1262 1036 1320 peculiari
1084 1259 1364 1302 involucello
1411 1260 1471 1301 li-

237 1325 348 1365 bero
381 1323 678 1364 circumdatis
723 1331 880 1379 praeter
931 1321 1220 1363 involucrum
1270 1335 1476 1361 commu-

239 1398 293 1424 ne
322 1415 332 1426 .
364 1382 448 1424 Hic
479 1381 612 1424 nulla
643 1382 840 1424 habetur
872 1397 1067 1424 sexuum
1100 1383 1215 1422 ratio
1249 1382 1366 1422 inter
1391 1379 1474 1422 sso-

241 1442 422 1484 sculos.

181 1502 389 1543 Linnaeus
442 1509 621 1543 sextum
675 1501 876 1543 ordinem
896 1533 907 1551 ,
952 1515 1088 1557 quem
1139 1498 1476 1555 Monogamiam

182 1561 465 1619 appellavit,
499 1561 631 1603 classi
666 1561 774 1603 huic
806 1560 1044 1603 addiderat
1068 1592 1079 1610 ‚
1112 1561 1157 1601 in
1190 1574 1282 1616 quo
1323 1562 1475 1616 posuit

181 1620 313 1664 flores
367 1621 625 1678 simplices,
672 1630 717 1663 et
761 1637 787 1662 a
834 1620 1023 1678 reliquis
1077 1618 1267 1661 floribus
1318 1619 1475 1659 classis

183 1682 464 1739 Syngenesiae
495 1683 676 1723 omnino
707 1681 1006 1723 abludentes.
1040 1680 1101 1721 At
1136 1681 1367 1736 insequuti
1399 1678 1477 1719 bo-

183 1744 320 1783 tanici
373 1743 514 1783 satius
563 1741 797 1782 duxerunt
824 1772 836 1792 ,
888 1741 1092 1782 ordinem
1137 1739 1475 1795 flsonoganziam

183 1817 208 1843 a
240 1802 517 1858 Syngeuesia
547 1815 809 1859 expungere
829 1833 840 1851 ‚
874 1815 1012 1857 quam
1043 1802 1136 1841 vim
1181 1808 1348 1840 naturae
1382 1807 1474 1839 tam

184 1861 418 1906 manifeste
450 1859 616 1902 inferre
635 1892 644 1902 .
672 1860 970 1918 Sprengelius
1012 1862 1273 1916 nuperrime
1324 1873 1476 1900 onmes

185 1921 364 1962 ordines
395 1921 654 1963 Linnaeanos
685 1920 843 1962 classis
875 1920 1154 1976 Syngenesiae
1184 1921 1435 1976 suppressit
1461 1951 1472 1968 ‚

188 1982 517 2038 substituitque
568 1982 716 2022 tribus
765 1996 840 2021 sex
863 2013 874 2031 ‚
907 1994 1104 2037 quarum
1152 1982 1300 2036 prima
1352 1993 1478 2019 com-

187 2039 423 2097 prehendit
458 2040 636 2098 plantas
677 2040 957 2099 Cynaraceas
979 2071 991 2089 ‚
1039 2040 1236 2081 secunda
1266 2038 1474 2094 Eupato-

187 2102 306 2140 rinas
324 2131 335 2150 ‚
368 2104 503 2142 tertia
533 2101 772 2143 Perdiccas
800 2133 810 2150 ‚
843 2108 1007 2157 quarta
1039 2099 1262 2141 Radiatas
1286 2131 1297 2150 ‚
1340 2100 1478 2154 quin-

188 2168 233 2200 ta
263 2158 494 2202 Cichoreas
516 2192 528 2210 ,
575 2169 701 2202 sexta
745 2159 1054 2201 Desciscentes
1078 2192 1088 2201 .
1141 2159 1434 2216 Experientia
1462 2187 1473 2205 ,

186 2234 283 2276 quae
315 2233 468 2260 rerum
498 2222 742 2277 magistra,
776 2220 1141 2269 demonstrabit,
1177 2234 1235 2260 an
1265 2218 1311 2258 id
1342 2218 1444 2272 jure
1463 2246 1475 2264 ,

188 2278 260 2320 vel
298 2279 469 2334 injuria
500 2277 672 2320 factum
699 2312 708 2320 .
743 2278 1026 2336 Simplicitas
1058 2280 1104 2320 in
1156 2278 1279 2320 hisce
1339 2277 1478 2318 rebus

193 2344 368 2380 tantum
401 2337 671 2396 praeferenda
690 2370 699 2379 .
