1669 2563
188 158 273 196 302

129 273 281 315 repens
299 292 308 309 ,
341 264 629 299 sarmentosus
651 289 660 304 ,
701 256 960 312 paleacem,
1000 255 1175 310 pilosus
1197 289 1208 307 ‚
1243 255 1381 297 hirtus
1404 285 1420 306 ,

127 329 295 361 setosus
314 352 324 369 ‚
358 319 586 358 aculeatus
612 348 622 357 .

187 379 230 434 ξ.
272 391 366 435 171.
405 377 591 418 Thallus
622 383 686 432 est
718 388 898 416 cormus
927 372 1168 417 Liclzenum
1187 374 1260 417 vel
1284 371 1419 415 folia-

125 453 232 480 ceus
251 471 263 489 ,
284 437 356 481 vel
388 444 652 479 crustaceus
670 468 680 485 ‚
713 434 786 476 vel
818 449 1036 484 ramosus,
1065 439 1289 477 sustinens
1313 447 1419 489 apo-

125 498 292 550 thecia‚
313 497 461 541 faetus
481 495 656 554 duplici
681 496 949 545 substantia,
973 494 1245 553 plerumque
1266 494 1421 535 distin-

127 561 351 610 cfissima,
378 557 522 601 altera
543 552 833 613 superficiali,
857 563 937 595 aut
962 553 1122 597 saltem
1155 556 1388 612 superiore
1413 585 1425 603 ,

125 633 222 675 quae
253 625 509 675 compacta,
537 615 840 672 homogenea,
877 614 1105 671 proligera
1124 648 1134 666 ‚
1168 619 1287 656 sicca
1323 627 1424 653 cru-

126 686 273 720 stacea
291 711 302 729 ‚
329 677 402 719 vel
427 675 721 732 cartilagInea
741 708 752 725 ,
776 673 1035 716 humefacta
1058 674 1421 732 subgelatinosa‚

125 738 390 795 diciturque
421 736 670 778 substantia
700 735 920 775 corticellis
954 767 965 784 ‚
999 734 1143 777 altera
1167 737 1384 775 interiore
1411 765 1421 782 ‚

127 806 211 839 aut
241 796 400 839 saltem
431 795 645 837 inferiore
670 827 681 844 ‚
714 808 810 849 quae
849 793 1034 835 mollior
1057 828 1068 845 ‚
1102 802 1309 837 constans
1357 800 1426 833 tu-

125 856 251 899 bulis
286 859 334 898 in
369 856 666 897 substantiam
701 852 964 893 corticalem
1001 854 1311 895 desinentibus
1337 886 1347 904 ,
1381 859 1428 893 et

125 918 375 958 substantia
407 914 657 955 medullaris
688 910 970 968 appellatur.
1006 912 1273 954 Differentia
1307 915 1424 952 inter

125 985 368 1031 utramque
401 974 698 1015 substantiam
718 970 829 1011 adeo
861 970 1044 1012 evidens
1074 987 1164 1012 non
1195 981 1261 1015 est
1286 974 1332 1011 in
1359 986 1425 1012 so-

127 1036 185 1077 lis
234 1033 502 1076 Lichenibus
552 1031 759 1090 pulposis
783 1063 794 1081 ‚
828 1038 872 1071 et
917 1033 1163 1072 crustaceis
1190 1063 1200 1073 .
1230 1030 1425 1072 Thallus

126 1095 249 1137 ludit

90 1170 93 1173 ·
189 1155 425 1196 Foliaceus
451 1186 463 1206 ,
495 1166 600 1196 cum
633 1149 852 1192 dilatatus
884 1150 931 1191 in
961 1149 1318 1208 explicationem
1350 1146 1428 1190 fle-

130 1215 271 1256 xilem
290 1247 301 1265 ,
330 1213 432 1256 ideo
465 1212 705 1255 foliaceam
738 1243 747 1252 .

186 1275 516 1330 Cartilagineas
544 1305 556 1323 ,
588 1271 808 1313 foliaceus
833 1304 844 1322 ‚
877 1272 1125 1312 consistens
1154 1302 1163 1311 .

189 1334 559 1376 Membranaceus
578 1366 590 1384 ‚
623 1331 845 1374 foliaceus
865 1364 875 1383 ,
910 1334 1059 1372 tenuis
1084 1363 1095 1381 ‚
1124 1329 1290 1372 debilis
1315 1362 1326 1380 ,
1368 1328 1429 1371 le-

129 1397 311 1453 vigatus
343 1426 353 1436 .

187 1455 472 1496 Gelatinosus
499 1486 509 1504 ,
544 1451 765 1494 foliaceus
791 1484 801 1502 ,
836 1449 941 1509 plus
972 1452 1124 1492 minus
1170 1449 1395 1507 pulposus
1416 1481 1426 1497 ,

130 1523 176 1557 et
206 1514 451 1572 gelatinam
484 1512 682 1555 leserens
701 1545 712 1563 ‚
745 1527 849 1553 cum
880 1510 1165 1551 madefactus
1198 1542 1206 1551 .

190 1575 428 1617 Coriaceus
454 1607 465 1625 ‚
498 1573 721 1615 foliaceus
749 1605 759 1623 ‚
798 1574 965 1629 spissus
992 1604 1002 1621 ‚
1036 1571 1180 1612 durus
1205 1603 1216 1621 ‚
1251 1578 1386 1611 tenax
1416 1602 1425 1610 .

187 1635 391 1677 Lobatus
409 1668 421 1686 ‚
467 1633 690 1675 foliaceus
714 1665 725 1683 ,
759 1631 944 1673 lobatus
974 1633 1177 1687 margine
1205 1662 1217 1671 .

186 1694 468 1745 Laciniatus‚
496 1692 796 1750 pinnatzfidus
814 1725 824 1744 ,
848 1691 1085 1742 foliaceus‚
1114 1689 1358 1748 profunde,
1386 1696 1432 1730 et

133 1754 424 1812 inaequaliter
461 1762 610 1802 sectus
639 1786 649 1795 .

193 1815 533 1857 Canaliczalatus
558 1847 569 1864 ‚
602 1812 823 1855 foliaceus
849 1844 859 1862 ,
891 1818 1136 1868 angustus,
1170 1808 1427 1866 longitudi-

131 1889 188 1916 ne
219 1874 574 1931 conduplicatus
598 1905 607 1914 .

192 1934 454 1977 cucullatus
481 1966 493 1984 ‚
544 1929 880 1974 canaliculatus
909 1963 920 1981 ,
975 1937 1021 1971 et
1074 1927 1269 1970 sacculis
1322 1928 1428 1969 hinc

134 1995 241 2036 inde
273 1994 486 2051 praeditus
515 2025 524 2035 .

191 2054 476 2096 Reticulams
494 2085 505 2103 ‚
541 2050 764 2093 foliaceus
781 2083 791 2101 ‚
827 2048 961 2107 plicis
985 2049 1430 2092 anastomosantibus

140 2113 376 2172 superficie
406 2116 658 2156 instructus
687 2144 697 2152 .

200 2174 491 2217 Umbilicatus
518 2205 530 2223 ,
569 2172 773 2228 peltatas
801 2202 812 2220 ‚
860 2168 1081 2211 foliaceus
1106 2202 1118 2220 ,
1165 2183 1393 2227 expansus
1417 2202 1428 2219 ,

136 2233 457 2292 planiusculus
479 2267 491 2284 ,
524 2240 678 2274 centro
711 2245 793 2272 suo
825 2229 1051 2271 adhaerens
1075 2230 1369 2286 corporibus.

194 2294 426 2346 Stellam,
459 2291 748 2341 orbicularis,
776 2290 975 2341 lobatus,
1009 2289 1083 2332 vel
1117 2287 1429 2347 pinnatifidus,
