1669 2563
1343 141 1401 197 89

165 252 263 295 alise
294 250 417 309 leges
440 252 484 292 in
515 249 631 292 aeris
653 247 988 300 cujuscumque
1008 241 1275 287 evolutione
1297 276 1309 286 .
1341 244 1459 286 Item

165 313 291 356 foliis
322 319 459 356 noctu
490 311 537 350 in
569 323 673 349 aere
712 303 1054 360 atmosphaerico
1091 303 1282 354 clauso,
1326 305 1464 346 inter-

165 374 248 415 diu
280 386 388 414 vero
428 373 474 410 in
506 382 607 410 aere
641 366 847 422 septonio
882 364 1076 420 repetito
1108 361 1270 404 locatis
1292 394 1303 413 ‚
1341 366 1467 420 prio..

166 448 263 475 rem
286 445 433 473 aerem
463 429 511 468 in
541 425 739 468 alterum
770 424 897 466 abire
930 419 1135 480 perbelle
1156 422 1441 465 observavit.

227 492 272 546 §.
305 489 404 531 285.
439 487 552 540 Quis
582 500 692 528 vero
723 498 845 525 1111116
880 481 1017 526 facile
1042 482 1197 532 dicat,
1219 481 1340 523 unde
1367 497 1469 539 pro-

172 550 391 592 ficiscitur
424 548 681 604 oxygenius
724 560 799 586 aer
823 575 836 597 ,
867 557 1005 600 quem
1053 541 1215 600 plantae
1267 542 1470 582 interdiu

167 609 415 651 emittunt?
447 607 552 660 Quae
582 607 651 649 vis
682 604 911 647 solaribus
943 602 1084 644 radiis
1114 603 1261 652 inest,
1294 607 1349 642 ut
1401 616 1473 643 ae-

166 683 261 711 rem
292 668 414 709 hunc
446 682 474 708 a
503 665 628 708 foliis
657 663 840 707 valeant
870 663 1090 705 haurire?

226 728 271 784 §.
306 727 408 771 286.
440 726 691 769 Detexerat
721 724 1064 773 Sennebierius,
1097 719 1212 764 folia
1241 718 1340 762 luci
1366 717 1476 762 solis

167 789 363 831 obversa
389 788 438 829 in
470 802 621 829 aerem
652 785 839 827 acidum
870 784 1190 832 carbonicum,
1216 795 1355 838 quem
1379 778 1476 821 for—

171 856 215 890 te
254 846 494 890 offendunt
516 878 528 897 ‚
559 861 710 904 agere,
744 851 884 902 atque
915 843 1165 885 dissolvere
1190 873 1200 883 .
1236 840 1478 882 Saussuri-

169 923 226 950 us
265 922 376 950 vero
397 939 408 958 ‚
442 906 663 965 periculis
693 904 751 947 ad
782 904 898 946 hanc
937 918 1030 945 rem
1061 902 1286 944 institutis
1309 932 1321 950 ‚
1356 898 1478 941 idem

167 967 495 1026 phaenomenon
524 964 811 1008 confirmavit
833 997 846 1016 ‚
877 971 924 1005 et
956 965 1143 1020 insuper
1174 961 1346 1018 reperit
1368 990 1381 1012 ,
1402 974 1480 1001 ae-

170 1044 268 1071 rem
297 1028 484 1070 acidum
506 1027 802 1070 carbonicum
846 1039 873 1065 a
901 1022 1026 1066 foliis
1056 1025 1122 1064 ita
1170 1018 1359 1064 dissolvi
1383 1051 1395 1070 ‚
1425 1025 1480 1060 ut

173 1103 253 1130 aer
286 1088 546 1145 oxygenius
570 1119 581 1139 ‚
616 1087 699 1144 qui
732 1084 872 1127 illum
920 1082 1089 1134 efficit,
1120 1088 1247 1123 totus
1290 1078 1443 1122 avolet
1466 1111 1479 1130 ‚

169 1149 444 1190 carbonium
464 1162 572 1191 vero
596 1144 818 1204 defigatur
843 1145 892 1185 in
917 1142 1076 1202 planta
1093 1174 1104 1184 .
1130 1141 1342 1199 Cumque
1357 1138 1481 1181 idem

172 1208 447 1251 Saussurius
494 1208 587 1264 jam
616 1205 1042 1254 animadvertisset,
1088 1202 1206 1245 aeris
1264 1200 1481 1257 oxygenii

173 1270 482 1325 quantitatem
511 1282 538 1309 a
568 1265 738 1324 plantis
769 1264 972 1306 interdiu
993 1262 1199 1304 emissam
1230 1259 1480 1317 quantitati

174 1328 466 1386 respondere,
499 1341 639 1384 quam
669 1333 809 1368 noctu
841 1325 1191 1380 inspiraverant,
1223 1318 1479 1369 concludit,

174 1391 456 1444 oxygenium
494 1401 645 1428 aerem
671 1417 683 1435 ,
708 1400 846 1441 quem
877 1383 1040 1442 plantae
1067 1383 1281 1438 expirant
1299 1411 1311 1431 ,
1342 1394 1369 1420 a
1393 1378 1481 1420 dis-

176 1447 407 1489 solutione
459 1448 578 1488 aeris
626 1445 748 1487 acidi
778 1444 1047 1492 carbonici‚
1092 1442 1176 1497 qui
1206 1449 1348 1482 noctu
1396 1453 1478 1495 per

173 1509 520 1566 inspirationem
563 1503 643 1555 fit,
675 1503 780 1546 luce
832 1502 942 1546 solis
972 1501 1228 1559 opitulante
1250 1530 1264 1550 ,
1295 1495 1479 1556 profici-

175 1581 241 1610 561
269 1599 281 1611 .

240 1685 319 1731 An
349 1687 478 1732 detur
510 1696 640 1742 aquae
669 1681 902 1727 dissolutio
938 1681 1052 1723 inter
1072 1676 1376 1737 respirandum
1393 1670 1419 1719 ,Ρ

237 1807 283 1864 §.
317 1807 420 1863 287.
444 1806 506 1850 At
535 1802 848 1847 Bertholletus
882 1815 990 1843 611111
1031 1798 1290 1843 substantiae
1321 1795 1484 1840 viridis

178 1866 403 1912 soliorum
455 1867 681 1923 originem
725 1865 786 1907 ab
835 1862 1104 1918 hydrogeno
1123 1892 1134 1912 ,
1164 1866 1211 1901 et
1262 1857 1484 1900 carbonio

179 1927 414 1986 explicare
443 1925 616 1977 vellet,
647 1924 765 1967 hanc
799 1921 1094 1966 tribuendam
1142 1919 1324 1962 censuit
1374 1932 1483 1959 cum

180 1988 472 2031 dissolutioni
497 1988 613 2030 aeris
633 1986 753 2028 acidi
776 1984 1030 2032 ‹zm-bonici,
1053 1989 1152 2023 tum
1175 1981 1315 2022 etiam
1338 1993 1482 2035 aquae,

184 2064 212 2090 a
240 2061 333 2106 qua
362 2047 669 2091 dissolutione
721 2047 908 2088 demum
959 2057 1112 2084 aerem
1162 2040 1442 2098 oxygenium
1470 2072 1482 2089 ,

184 2124 322 2166 quem
350 2109 514 2168 plantae
533 2109 747 2150 emittunt
765 2140 776 2157 ‚
803 2112 958 2147 ortum
983 2103 1150 2144 ducere
1175 2101 1336 2142 statuit
1356 2131 1365 2140 .
1389 2098 1485 2141 Alii

186 2184 374 2226 quoque
403 2169 518 2210 hanc
547 2167 899 2210 dissolutionem
928 2177 1054 2222 aquae
1083 2162 1367 2204 admiserunt
1385 2192 1397 2210 ,
1429 2174 1484 2200 co

188 2229 314 2286 quod
334 2232 501 2272 semina
520 2227 813 2271 Sennehierio
838 2227 934 2268 visa
959 2226 1049 2266 sint
1073 2223 1344 2281 germinasse
1364 2223 1483 2261 intra

191 2301 357 2347 aquam
389 2291 511 2334 omni
540 2304 644 2332 aere
675 2288 905 2345 oxygenio
937 2285 1148 2329 orbatam
1174 2316 1187 2335 ,
1220 2289 1318 2324 tum
1374 2281 1486 2338 quia
