1669 2563
281 163 362 192 110

269 253 314 309 §.
347 255 448 309 341.
480 252 774 299 Filamentum
800 255 862 298 sic
896 253 1067 297 dicitur
1093 269 1119 297 a
1169 253 1345 299 forma.
1401 256 1500 301 Hoc

209 315 367 356 eadem
397 317 578 358 omnino
610 324 842 360 structura
872 315 1035 373 pollet,
1065 330 1118 357 ac
1147 315 1352 368 corolla3
1384 332 1502 374 qua-

212 390 262 416 re
302 373 533 417 filamenta
562 391 672 435 saepe
703 378 751 420 in
779 375 1001 418 corollam
1036 375 1345 433 multiplicem
1376 385 1502 419 tran-

210 442 356 485 seunt,
374 432 564 479 floribus
593 437 830 487 abortivis,
861 437 1249 493 monstruosisque
1274 439 1500 480 excitatis.

204 494 277 536 Ab
308 494 473 537 harum
503 498 703 557 partium
733 503 827 538 tam
875 504 1001 538 arcta
1045 495 1347 538 similitudine
1377 497 1502 539 idem

205 552 407 597 officium
438 554 576 598 facile
607 558 818 598 arcuitur
839 588 850 607 ,
883 555 995 598 adeo
1026 565 1080 598 ut
1109 558 1280 598 mirum
1308 571 1399 598 non
1422 559 1498 608 sit,

205 615 244 656 si
274 616 322 657 in
352 616 629 674 quibusdam
660 595 851 659 fioribus
879 614 1110 658 filamenta
1140 614 1366 668 deficiant,
1392 631 1501 658 cum

200 673 380 717 corolla
410 682 519 717 tunc
551 677 814 735 suppeditet
844 676 1045 718 antheris
1069 691 1138 727 ea,
1170 691 1267 734 quae
1317 678 1499 733 genitu-

202 749 260 775 rae
313 733 593 792 perficiendae
664 738 920 780 inserviunt
953 768 964 778 .
1014 736 1179 794 Siquid
1233 734 1500 778 differentiae

200 795 446 836 intercedit
476 797 595 838 inter
625 795 849 838 corollam
867 803 928 846 ‚et
950 794 1233 838 filamentum
1252 829 1264 847 ,
1295 796 1342 837 id
1364 797 1498 838 nobis

200 854 384 900 videtur
409 870 501 897 esse
531 871 638 897 cum
667 857 714 897 in
762 854 938 906 forma,
969 862 1068 897 tum
1117 860 1163 897 in
1194 855 1499 898 alacrioribus

199 915 299 956 vitae
330 915 507 957 viribus
531 946 543 967 ‚
574 930 687 976 quas
716 912 997 956 filamentum
1022 915 1222 972 possidet
1244 948 1256 967 ,
1289 915 1407 958 forte
1439 932 1497 958 ex

196 975 361 1029 majori
392 977 615 1018 tenuitate
647 989 730 1016 sua
758 1005 771 1026 ‚
805 982 851 1014 et
879 989 937 1014 ex
968 973 1249 1031 perfectiori,
1283 990 1377 1032 quo
1424 991 1497 1017 re-

200 1032 379 1075 dundat
405 1065 417 1086 ,
449 1048 623 1084 succo;
656 1034 742 1075 sub
773 1034 873 1090 ipso
919 1035 1040 1075 enim
1085 1035 1355 1090 nuptiarum
1387 1041 1498 1077 tem-

195 1107 306 1148 pore
330 1092 614 1139 filamentum
643 1092 789 1135 veluti
840 1100 973 1135 oestro
1024 1106 1217 1135 venereo
1267 1095 1498 1150 percitum

193 1153 473 1210 quandoque
504 1155 668 1211 agitari
718 1152 903 1195 videtur
929 1185 941 1205 ‚
974 1152 1186 1212 exemplo
1217 1151 1467 1200 Berberidis
1481 1186 1500 1209 ,

199 1218 246 1252 et
276 1211 541 1255 Parietariae
564 1245 576 1259 ,

253 1270 297 1327 §.
329 1274 431 1329 342.
464 1271 706 1318 Interdum
735 1270 874 1330 plura
902 1270 1133 1315 filamenta
1168 1271 1397 1331 simplicia
1420 1273 1499 1317 vel

195 1337 293 1373 tota
336 1331 431 1374 fere
461 1331 750 1391 longitudine
800 1347 920 1384 sua,
949 1331 1025 1376 vel
1071 1331 1232 1376 saltem
1284 1333 1499 1376 inferiori

190 1399 320 1448 parte
349 1393 546 1435 invicem
578 1399 944 1444 connectuntur,
976 1400 1022 1434 et
1051 1406 1198 1435 unum
1228 1407 1396 1451 corpus
1428 1393 1497 1435 ef-

190 1450 352 1494 ficiunt
374 1485 386 1504 ,
419 1453 544 1512 quod
574 1451 817 1497 Mirbelius
845 1450 1117 1510 androplzori
1137 1454 1319 1494 nomine
1340 1453 1497 1496 distin-

198 1513 271 1553 xit
298 1543 308 1554 .

251 1571 296 1627 ς.
329 1573 431 1627 343.
462 1570 666 1614 Antlzera
697 1569 747 1612 fit
776 1585 886 1622 uno,
918 1569 994 1613 vel
1025 1569 1225 1622 duobus,
1258 1586 1362 1613 raro
1387 1571 1496 1634 plu-

189 1631 322 1673 ribus
367 1631 563 1673 sacculis
600 1633 989 1682 membranaceis,
1033 1645 1157 1672 nunc
1208 1631 1381 1673 directe
1431 1635 1497 1674 in-

187 1698 257 1732 ter
289 1707 335 1733 se
368 1707 412 1733 se
435 1724 448 1742 ,
479 1706 600 1733 nunc
633 1707 716 1749 ope
749 1692 1008 1734 substantiae
1031 1691 1321 1741 intermediae,
1353 1707 1495 1749 quam

186 1752 246 1792 ab
282 1750 430 1794 officio
463 1766 624 1808 corpus
654 1760 915 1793 connectens
942 1783 955 1803 ,
987 1750 1063 1793 vel
1095 1754 1395 1797 connectivzmz
1426 1769 1494 1794 re-

183 1813 409 1853 centiores
438 1819 604 1853 vocant
631 1842 646 1863 ,
675 1813 934 1868 conjunctis
956 1842 968 1853 .
1019 1811 1224 1869 Quisque
1274 1812 1492 1856 sacculus

184 1871 356 1913 dicitur
386 1873 526 1914 etiam
562 1872 750 1922 loculus,
773 1871 894 1913 unde
925 1870 1121 1915 antherae
1165 1871 1460 1915 uniloculares
1480 1907 1493 1925 ,

182 1930 444 1973 biloculares
471 1964 483 1982 ,
513 1932 858 1974 multiloculares
880 1963 890 1973 .
924 1930 968 1972 Is
1017 1931 1249 1973 interdum
1307 1931 1490 1975 sulcum

180 1993 302 2048 gerit
332 1993 380 2034 in
411 1990 702 2049 longitudine
747 2006 846 2042 sua,
902 1991 988 2034 sub
1021 2006 1113 2048 quo
1148 1993 1487 2050 sepimentum;

184 2059 297 2095 tunc
327 2065 384 2093 ex
415 2050 619 2093 Mirbelii
651 2052 967 2095 observatione
1015 2051 1189 2108 duplex
1231 2053 1378 2094 oritur
1424 2052 1490 2094 lo-

183 2111 363 2163 cellus,
393 2119 440 2153 et
476 2126 574 2171 quae
604 2111 796 2154 anthera
840 2119 971 2152 antea
1003 2111 1275 2153 bilocularis
1308 2119 1489 2154 tantum

184 2171 445 2214 habebatur
469 2203 480 2223 ,
522 2186 679 2229 reapse
699 2169 1087 2230 quadrilocularis
1107 2179 1175 2214 est
1191 2204 1202 2214 .
1224 2172 1490 2216 Membrana

185 2230 476 2274 sacculorum
514 2233 662 2274 tenuis
676 2264 686 2283 ,
707 2230 1022 2290 cellulosaque
1042 2238 1130 2282 est,
1151 2247 1342 2288 eamque
1366 2233 1487 2275 idem

183 2290 428 2337 Mirbelius
452 2293 501 2337 in
519 2291 747 2346 Liliaceis,
768 2291 962 2351 aliisque
988 2290 1157 2352 plantis
1187 2290 1284 2335 fieri
1313 2291 1486 2336 detexit
