1669 2563
273 104 354 162 176

265 210 565 268 Quinquefida
595 211 731 269 bifida
755 246 766 265 ‚
802 214 1088 273 quinquefida
1111 214 1276 272 trifida,
1299 214 1497 272 octoflda

206 269 373 326 bifida,
406 273 627 328 multifida
657 273 792 329 bifida
820 307 830 316 .

243 330 564 433 dQuinquefida
594 334 744 390 trifida
774 334 938 392 bifida,
971 334 1192 391 multifida
1235 333 1374 390 bzflda
1418 337 1497 376 tri-

243 393 445 506 dTrifida
475 452 739 506 dichotoma,
773 453 1026 511 quadrifida
1057 454 1343 505 dichotoma,
1369 455 1500 509 quin-

207 511 385 567 quefida
414 512 699 567 dichotoma‚
735 515 907 571 sexfida
936 515 1186 559 dichotoma
1211 547 1223 566 ,
1279 513 1500 569 multzfida

205 571 478 615 dichotoma.

262 630 563 688 Quinqueflda
587 634 737 690 trifida
758 633 1035 687 dichotoma,
1069 631 1359 692 quinquefida
1390 647 1500 691 qua-

204 691 364 746 drifida
396 693 679 736 diclzotoma.

206 749 423 793 Praeterea
445 752 652 794 umbella
682 755 837 810 spuria
866 762 932 796 est

266 810 623 867 Decomposita‚
655 827 761 854 cum
791 814 907 854 radii
939 814 1146 869 primarii
1179 814 1403 855 sustinent
1433 825 1502 852 ra-

206 885 305 912 mos
348 871 670 921 secundarios,
707 887 907 928 quorum
938 875 1255 930 unusquisque
1286 870 1502 914 multiflo-

207 945 286 971 rus
314 962 325 980 ‚
355 927 546 971 floribus
576 929 841 972 sessilibus.

263 989 747 1045 Supradecomposita,
780 1004 885 1030 cum
905 988 1022 1030 radii
1043 991 1249 1046 primarii
1280 992 1503 1031 sustinent

205 1063 357 1091 ramos
388 1049 680 1090 secundarios
707 1082 718 1100 ‚
750 1049 891 1107 hique
938 1048 1095 1090 ferunt
1128 1063 1278 1091 ramos
1309 1051 1466 1091 tertios
1489 1081 1500 1098 ‚

204 1110 286 1166 qui
317 1105 555 1167 florigeri.
595 1110 719 1161 Haec,
764 1118 809 1152 et
850 1108 1104 1169 praecedens
1147 1108 1318 1151 hahent
1352 1108 1504 1151 radios

206 1172 402 1227 spicatos
428 1201 439 1212 .

717 1348 956 1408 Corymbus
979 1383 989 1392 .

261 1527 309 1583 ξ.
340 1528 410 1570 23.
442 1526 683 1585 Corymbus
720 1527 771 1570 fit
816 1526 1091 1586 pedunculis
1116 1543 1142 1569 a
1174 1527 1354 1569 diverso
1398 1525 1503 1568 loco

205 1587 422 1645 profectis
449 1621 460 1639 ,
493 1591 859 1646 approximatis,
898 1587 1153 1631 ferentibus
1196 1585 1329 1629 flores
1373 1586 1503 1629 fasti-

204 1649 390 1705 giatos.
433 1648 606 1705 Estque

264 1706 466 1765 Simplex
487 1741 499 1760 ,
532 1716 613 1749 aut
642 1711 910 1767 compositus
951 1724 979 1751 a
1009 1705 1283 1767 pedunculis
1327 1705 1502 1765 simpli-

205 1768 338 1809 cibus
361 1799 373 1818 ,
405 1767 479 1810 vel
513 1770 704 1810 ramosis
725 1801 736 1811 .

265 1826 437 1871 Nudus
460 1860 471 1880 ‚
491 1827 689 1885 foliatus
718 1844 745 1871 a
775 1828 959 1873 defectu
975 1860 994 1884 ·,
1025 1825 1100 1870 vel
1130 1827 1365 1886 praesentia
1393 1827 1503 1869 bra-

208 1894 416 1930 ctearum
439 1919 450 1931 .

268 1947 507 2004 Regularis
530 1980 542 1999 ,
573 1962 680 1989 curn
724 1962 876 1991 omnes
918 1945 1052 1989 flores
1098 1948 1266 1989 sistunt
1312 1943 1503 2003 superfi-

207 2008 326 2049 ciem
368 2016 451 2051 aut
493 2007 677 2066 planam
702 2040 714 2060 ,
766 2017 848 2051 aut
890 2021 1165 2058 concavam,
1210 2015 1292 2049 aut
1335 2020 1502 2048 conve-

212 2082 317 2110 xam
341 2100 353 2110 .

267 2126 533 2184 Irregularis
554 2160 566 2178 ‚
597 2143 704 2171 cum
726 2129 976 2184 corymbus
1005 2125 1278 2170 universalis
1315 2140 1502 2183 compo-

210 2189 337 2230 nitur
367 2189 600 2243 corymbis
636 2191 891 2235 minorIbus
918 2188 977 2232 ad
1004 2188 1204 2232 diversas
1233 2187 1501 2230 altitudines

211 2249 577 2308 pertingentibus
595 2281 606 2292 .
