1669 2563
305 82 386 124 216

236 186 335 227 Haec
361 195 426 228 est

298 245 573 303 Mozzoptera
603 249 661 290 ab
691 246 763 290 ala
796 247 998 291 solitaria
1025 281 1035 290 .

293 305 631 364 Lingaaeformis
650 341 660 359 ,
692 323 945 366 compressa
964 341 974 359 ‚
1007 316 1053 349 et
1084 308 1308 367 producta
1338 312 1384 352 in
1407 311 1525 353 alam

232 363 380 407 forma
410 366 572 425 linguae
596 400 604 409 .

294 425 486 469 Falcata
510 460 520 477 ‚
555 427 910 485 leguminiformis
929 428 988 469 ab
1019 427 1092 469 ala
1122 427 1258 487 longa
1282 461 1294 479 ‚
1326 438 1525 488 recepta-

234 485 432 527 culifera
454 521 464 537 ,
493 489 621 544 apice
651 503 791 530 curva
816 520 827 538 ‚
860 496 1053 530 rostrata
1080 521 1092 538 ,
1124 488 1405 532 seminifera.
1443 491 1525 533 Se-

230 559 335 586 men
367 545 622 588 solitarium
653 550 700 588 in
730 556 977 590 curvatura
999 580 1010 590 .
1044 547 1405 607 Receptaculum
1446 565 1526 593 co-

235 603 446 647 lumnare
475 639 486 657 ‚
512 606 720 649 filiforme
738 640 748 649 .

283 664 505 722 Epiptera
537 668 598 709 ab
630 666 703 708 ala
732 666 960 709 terminali
985 699 995 709 .

285 724 519 781 Periptera
537 760 547 777 ‚
580 727 638 768 ab
672 726 750 767 ala.
776 729 822 767 in
852 728 1028 769 ambitu
1047 759 1057 769 .

289 784 496 840 Triptera
526 819 536 836 ‚
570 794 810 842 tetraptera
828 819 839 837 ‚
864 795 1137 843 pentaptera
1167 802 1193 829 a
1223 802 1412 831 numero
1429 787 1522 831 ala-

225 857 329 884 rum
354 847 399 885 in
434 843 670 902 superficie
696 877 706 886 .

294 902 513 960 Simplex,
545 903 619 945 vel
650 906 893 960 composita
922 918 949 944 a
977 918 1167 946 numero
1198 920 1477 950 samararum
1505 941 1516 960 ‚

232 977 330 1018 quae
363 963 556 1005 subinde
588 964 684 1004 duae
707 996 718 1014 ‚
751 962 824 1005 vel
855 971 945 1005 tres
975 965 1222 1019 conjunctae
1241 997 1251 1007 .

286 1021 330 1077 §.
362 1026 433 1079 47.
468 1022 587 1066 Nax
618 1030 685 1064 est
716 1025 1023 1080 pericarpium
1054 1037 1248 1074 osseum,
1281 1025 1354 1067 vel
1375 1028 1518 1069 coria-

218 1094 350 1122 ceum
379 1115 390 1131 ,
423 1082 494 1124 νε]
515 1084 910 1125 membranaceum
936 1114 948 1133 ,
994 1083 1276 1125 indehiscens
1300 1117 1311 1135 ‚
1358 1100 1516 1127 mono-

219 1145 466 1197 spermium
491 1176 501 1193 ‚
533 1142 607 1184 vel
640 1142 1011 1200 oligospermium
1033 1175 1044 1193 ‚
1077 1143 1397 1195 uniloculare,
1441 1146 1515 1187 νε]

217 1200 553 1256 pluriloculare
590 1235 601 1253 ,
658 1202 857 1245 liberum
888 1218 914 1244 a
958 1202 1115 1258 calyce
1140 1236 1151 1254 ,
1183 1211 1228 1244 et
1258 1219 1285 1245 a
1317 1206 1513 1257 semine,

216 1259 303 1302 alis
327 1294 338 1311 ,
365 1271 447 1303 aut
470 1263 803 1320 appendicibus
848 1264 1174 1305 coronantibus
1198 1263 1342 1306 nullis
1371 1296 1380 1306 .
1412 1265 1513 1307 Huc

214 1323 382 1376 partim
434 1325 630 1380 pertinet
667 1323 906 1365 Carcerala
934 1355 945 1373 ‚
984 1330 1031 1364 et
1059 1322 1244 1380 Calybio
1275 1323 1478 1366 Mirbelii
1498 1359 1510 1377 ‚

211 1380 488 1435 Carcerulas,
525 1382 666 1425 Glans
682 1383 950 1434 Desvauxii,
982 1390 1026 1424 et
1049 1382 1243 1425 Achillis
1262 1383 1478 1426 Richardi
1498 1418 1510 1436 ,

212 1439 333 1483 Nax
351 1475 362 1493 ‚
396 1451 441 1484 et
483 1443 529 1486 U
531 1444 714 1485 triculas
746 1443 962 1486 Gaertneri
988 1476 999 1493 ,
1023 1442 1268 1500 Cystidium
1295 1443 1474 1486 Linckii
1495 1479 1506 1495 ‚

212 1500 402 1544 Nucula
428 1503 755 1545 Decandollei.
788 1503 939 1559 Calyx
978 1517 1211 1561 nunquam
1248 1503 1387 1546 habet
1429 1506 1511 1547 ad-

210 1561 445 1604 haesionem
492 1563 740 1621 perfectam
769 1597 779 1614 ,
832 1572 914 1606 aut
955 1563 1232 1620 completam
1262 1578 1367 1605 cum
1420 1564 1507 1606 hoc

211 1624 468 1680 pericarpio
497 1657 508 1674 ,
553 1627 617 1664 ita
648 1632 700 1665 ut
734 1626 791 1665 sit
834 1625 893 1665 ab
944 1624 1101 1666 eodem
1150 1623 1468 1682 inseparabilis
1492 1657 1504 1675 ,

208 1690 346 1737 prout
376 1684 551 1725 achenae
581 1691 649 1725 est
674 1717 684 1726 .
707 1684 818 1726 Nux
844 1682 966 1725 ludit

267 1740 462 1785 Globosa
485 1777 496 1794 ,
530 1753 662 1786 ovata
688 1777 699 1794 ,
730 1745 929 1800 elliptica
958 1776 969 1793 ‚
1013 1742 1234 1799 oblonga,
1291 1746 1503 1786 semiova-

208 1809 272 1851 ta,
305 1801 378 1843 vel
409 1803 555 1858 gibba,
577 1803 833 1860 reniformis,
865 1803 1098 1859 angulata,
1143 1807 1334 1859 trigona,
1367 1813 1504 1846 tetra-

204 1875 324 1915 gona
353 1863 457 1913 effic„
476 1862 647 1914 obtusa,
681 1873 827 1914 acuta,
860 1877 1003 1913 ossea,
1035 1865 1342 1920 cartilaginea,
1374 1879 1503 1906 menz-

212 1920 432 1963 branacea
454 1955 464 1965 .

262 1981 492 2038 Capalata
510 2016 520 2033 ‚
552 1998 648 2041 quae
675 1984 904 2040 excipitur
930 1982 1088 2038 calyce
1109 1982 1323 2040 cupulari
1348 2017 1358 2033 ‚
1379 1984 1494 2025 idest

204 2041 538 2099 hemisphaerico
564 2076 574 2093 ,
622 2044 827 2085 coriaceo
855 2077 866 2095 ‚
915 2051 1100 2085 externe
1149 2059 1387 2101 squamoso
1403 2051 1419 2095 ’,
1453 2053 1498 2085 et

205 2102 395 2144 subinde
427 2105 592 2145 crinito
621 2137 630 2145 .

262 2161 552 2205 Involacrata
575 2197 585 2213 ,
624 2172 813 2221 excepta
842 2162 1082 2206 involucro
1113 2197 1123 2215 ,
1157 2165 1281 2222 quod
1307 2164 1496 2207 inferius

202 2237 363 2264 cavum
388 2257 398 2275 ,
431 2225 630 2282 margine
654 2223 900 2269 soliaceuin
916 2258 925 2266 .
