1669 2563
238 177 291 217 72

175 267 247 308 vel
280 272 553 326 equitantem
585 273 841 329 triquetram
862 305 873 323 ,
903 272 951 313 in
981 269 1340 328 conduplicatam
1364 305 1374 324 ,
1404 274 1450 315 in

167 331 390 384 plicatam
413 365 430 388 5
463 336 508 374 in
545 334 804 375 reclinatum
831 365 843 384 ,
872 339 919 373 et
948 333 995 373 in
1025 333 1274 373 circinalem
1303 364 1314 374 .

236 390 279 444 ξ.
313 396 411 446 240.
446 394 595 451 Igitur
626 392 804 436 foliatio
824 423 836 442 ‚
868 406 947 434 seu
971 394 1176 434 vernatio
1202 394 1327 449 praeit
1347 407 1454 434 eru-

178 451 324 505 ptioni
358 452 610 504 foliorum3
640 466 838 510 cumque
868 453 984 494 rami
1014 454 1247 502 annotini,
1287 451 1455 509 produ-

171 511 435 571 ctionesque
486 515 636 555 trunci
668 513 893 571 prodeant
923 527 947 554 e
989 513 1207 570 gemmis,
1239 511 1342 554 ideo
1388 511 1454 553 fo-

176 568 239 610 lia
283 574 328 612 in
383 573 631 616 arboribus
681 575 895 614 oriuntur
941 587 968 613 a
1012 571 1181 614 tenello
1235 570 1452 622 surculo,

173 644 408 688 nunquam
439 648 547 675 vero
580 649 606 674 a
638 648 763 674 ramo
785 664 796 683 ‚
823 640 1078 689 truncoque
1101 632 1451 674 senescentibus.

175 689 432 734 Observatu
464 707 647 751 quoque
678 693 868 749 dignum
912 699 1008 742 est,
1045 706 1144 749 quae
1186 690 1348 750 plantae
1395 691 1453 732 ad

176 764 311 792 unam
335 753 631 810 eamdemque
664 755 892 810 pertinent
923 752 1118 809 speciem
1143 783 1156 802 ‚
1189 767 1263 793 eas
1290 784 1301 802 ‚
1328 751 1457 792 dum-

172 811 306 851 modo
350 813 468 854 nihil
509 815 567 854 sit
616 813 665 853 in
707 811 803 853 caeli
836 812 1052 870 temperie
1077 843 1090 863 ‚
1122 809 1196 853 vel
1235 813 1283 852 in
1318 810 1415 853 solo
1442 843 1454 860 ,

172 870 296 925 quod
328 873 500 923 obstet,
547 887 639 914 uno
684 872 934 929 eodemque
967 879 1169 928 tempore
1208 873 1456 928 quotannis

175 933 429 985 germinare
454 964 464 982 ‚
499 930 715 988 foliisque
747 933 930 973 ornari.
961 931 1068 983 Quae
1097 945 1205 971 cum
1235 934 1299 973 ita
1333 933 1423 972 sint
1443 962 1453 980 ‚

174 992 402 1046 sequitur,
436 990 574 1040 folia,
628 1005 727 1047 quae
781 993 927 1047 prima
976 998 1254 1047 erumpunt,
1307 993 1456 1048 prima

173 1064 355 1106 quoque
381 1084 392 1102 ‚
425 1052 507 1092 ubi
539 1050 734 1092 decidua
763 1053 882 1100 sint,
921 1047 1146 1100 defluere,
1186 1051 1456 1106 arborisque

174 1124 350 1151 ramum
397 1112 529 1152 initio
573 1109 765 1151 inferius
795 1142 806 1160 ‚
853 1109 1015 1151 deinde
1064 1112 1276 1166 superius
1333 1109 1457 1151 foliis

173 1168 390 1223 spoliari,
422 1172 531 1211 item
564 1168 678 1211 folia
713 1184 804 1210 non
847 1169 1041 1219 cadere,
1088 1171 1176 1210 nisi
1224 1169 1454 1227 petiolus,

171 1237 251 1268 aut
282 1230 401 1271 basis
431 1244 591 1271 eorum
622 1236 753 1270 antea
784 1231 1008 1270 aruerint.
1042 1227 1222 1270 Etenim
1257 1231 1293 1271 si
1324 1227 1454 1278 folia,

171 1295 215 1327 et
245 1289 450 1330 ramulus
482 1289 677 1331 foliosus
705 1288 866 1330 eodem
887 1302 1075 1345 prorsus
1096 1297 1301 1346 tempore
1320 1290 1460 1331 exsie-

168 1356 331 1389 centur
355 1381 366 1399 ,
401 1356 511 1390 tuno
542 1350 695 1390 omnia
726 1354 959 1391 remanent
987 1347 1092 1391 loco
1124 1363 1235 1391 suo.

169 1466 447 1525 Differentiae
484 1470 599 1511 inter
626 1466 750 1525 folia
788 1469 1051 1525 plantarum
1092 1467 1455 1525 dicotyledonea-

424 1544 547 1579 rum,
580 1538 622 1571 et
652 1529 1185 1585 monocotyledonearum.

230 1647 274 1702 ξ.
308 1652 406 1702 24Ῑ.
441 1647 660 1705 Superest
690 1661 841 1698 nunc,
889 1655 941 1689 ut
986 1647 1320 1705 perpendamus
1342 1680 1352 1698 ‚
1400 1663 1459 1689 an

170 1706 322 1748 ullum
353 1708 606 1749 intercedat
641 1708 883 1749 discrimen
914 1710 1030 1749 inter
1061 1707 1174 1749 folia
1195 1706 1456 1764 plantarum

169 1766 624 1823 dicotyledonearum
639 1800 650 1818 ,
674 1775 718 1809 et
737 1767 1295 1823 monoeotyledonearum.
1318 1767 1459 1825 Equi-

168 1827 272 1868 dem
317 1830 523 1885 priorum
565 1826 680 1869 folia
721 1828 814 1883 jam
857 1828 917 1870 ab
964 1837 1130 1869 exortu
1176 1843 1288 1878 suo,
1337 1830 1458 1869 vasis

169 1890 277 1929 retis
307 1890 448 1931 instar
492 1889 735 1944 expansis,
782 1886 973 1929 formam
999 1920 1011 1939 ‚
1057 1889 1143 1929 nisi
1187 1887 1458 1945 amplitudi-

168 1963 290 1998 nem,
323 1950 589 1990 senescentis
619 1947 720 1989 folii
752 1948 1012 2005 possident,
1045 1956 1090 1988 et
1115 1963 1170 1989 ex
1205 1963 1341 1990 succo
1373 1963 1456 1989 un-

167 2007 409 2066 dequaque
444 2024 524 2066 per
553 2023 689 2050 venas
713 2040 723 2058 ,
755 2016 802 2049 et
830 2022 993 2050 nervos
1022 2006 1166 2049 effuso
1191 2040 1202 2059 ‚
1249 2009 1456 2065 undique

167 2076 378 2109 crescunt
404 2101 415 2119 ‚
461 2076 507 2110 et
554 2075 812 2126 augentur.
860 2068 1030 2110 Contra
1076 2067 1188 2109 folia
1233 2071 1458 2126 posterio-

169 2144 270 2169 rum
315 2144 371 2170 ex
409 2131 529 2171 vasis
582 2137 704 2170 recta
739 2130 962 2186 protensis
1002 2143 1112 2185 saepe
1152 2137 1343 2187 angusta
1366 2162 1377 2179 ‚
1410 2135 1456 2170 et

167 2191 331 2246 vagina
369 2188 661 2231 obvolventia
704 2188 932 2239 evadunt,
963 2188 1155 2246 basique
1199 2204 1282 2232 sua
1325 2190 1459 2246 juxta

167 2248 365 2290 Hamelii
415 2248 625 2307 pericula
675 2248 994 2302 tantummodo
1043 2258 1291 2300 crescunt,
1339 2249 1457 2292 forte

168 2311 278 2367 quia
294 2309 520 2368 copiosior
543 2308 643 2352 illic
664 2307 814 2352 affluit
835 2323 1014 2354 succus.
1035 2309 1096 2352 At
1116 2309 1179 2354 hae
1195 2308 1458 2355 differentiae
