1669 2563
1435 129 1490 184 75

259 250 343 278 suo
373 269 384 287 ‚
417 243 463 279 et
491 235 694 277 caustico
722 265 733 283 ‚
765 246 859 289 quo
903 238 1099 281 scatent,
1135 247 1270 274 succo
1295 266 1305 283 ,
1359 235 1555 275 maxime

257 305 430 339 urunt.
463 296 684 338 Caeterum
714 290 944 349 glandulae
976 293 1067 333 istae
1098 306 1208 347 saepe
1233 302 1363 332 extra
1400 308 1555 350 super-

252 354 401 400 ficiem
444 355 604 413 plantae
658 353 918 409 prominent
959 383 970 401 ‚
1021 350 1198 392 sessiles
1228 382 1239 401 ,
1286 359 1368 392 aut
1423 353 1553 410 pedi-

252 416 372 458 cello
405 413 599 456 suffultae
624 444 636 462 ‚
669 411 930 469 luduntque
964 409 1113 453 forma
1159 409 1390 469 sphaerulae
1415 443 1426 461 ‚
1472 420 1553 452 aut

250 474 427 517 urceoli
455 506 466 515 .

309 536 351 590 §.
407 533 506 586 248.
558 527 900 574 Glandularum
954 530 1289 572 secernentium
1352 528 1550 585 penitior

251 601 483 636 structura
513 605 620 633 cum
662 593 709 632 in
729 590 1007 632 animalibus
1034 620 1045 640 ‚
1070 598 1168 631 tum
1193 590 1240 630 in
1284 588 1552 645 vegetabili—

247 655 337 696 bus
366 657 524 710 ignota
547 683 559 694 .
593 652 729 693 Forte
751 654 797 692 in
818 651 988 709 plantis
1009 665 1115 692 vasa
1142 648 1426 705 lymphatica
1453 663 1552 689 suc-

245 728 351 754 cum
371 712 581 754 vehentia
600 727 706 753 cum
727 714 845 753 vasis
871 713 1068 769 propriis
1092 709 1439 759 revehentibus,
1468 707 1552 749 fol-

246 772 403 815 liculis
428 773 697 828 interjectiS,
715 773 970 814 evidentius
986 772 1329 812 communicant
1347 801 1356 810 .
1378 768 1552 809 Verum

247 835 475 874 incertum
509 841 594 883 est,
626 848 738 874 num
768 834 962 875 secretio
994 846 1021 872 a
1051 831 1265 886 chymica
1295 827 1552 870 molecula—

245 907 349 934 rum
380 892 599 934 affinitate
623 923 634 943 ,
666 891 740 934 vel
780 894 933 950 potius
977 891 1036 932 ab
1084 889 1357 932 ostiolorum
1405 888 1551 929 forma

245 953 442 1010 pendeat
466 985 478 995 .
511 954 608 995 Hoc
639 967 786 993 unum
815 967 895 994 nos
926 953 1112 992 minime
1137 950 1250 991 latet
1280 981 1290 1000 ‚
1321 964 1552 990 secernen-

242 1015 307 1054 tia
339 1028 510 1070 organa
555 1013 600 1054 id
624 1015 826 1054 muneris
852 1014 1076 1069 praecipue
1095 1012 1222 1053 obire
1242 1042 1252 1061 ‚
1277 1011 1386 1067 quia
1420 1009 1550 1051 vitali

243 1075 306 1123 vi,
330 1075 421 1114 sive
453 1073 794 1123 incitabilitate‚
829 1072 1033 1130 pollent.

303 1133 347 1188 §.
382 1135 481 1190 249.
515 1134 727 1190 Denique
764 1134 1045 1189 copiosiores
1088 1138 1256 1172 natura
1307 1127 1554 1187 glandulas

244 1202 543 1244 secernentes,
572 1201 618 1234 et
643 1201 933 1234 excernentes
957 1195 1004 1232 in
1028 1191 1248 1233 foliorum
1277 1220 1289 1240 ‚
1316 1198 1360 1231 et
1385 1187 1553 1230 florum

245 1254 498 1294 substantia
531 1255 712 1310 posuit,
740 1260 794 1293 ut
829 1267 987 1294 earum
1020 1266 1104 1308 ope
1147 1252 1306 1308 purior
1337 1249 1552 1290 reddere-

242 1320 317 1353 tur
350 1315 395 1353 in
427 1313 551 1355 foliis
585 1315 813 1355 nutricius
847 1326 1034 1364 succus,
1066 1314 1114 1354 in
1142 1309 1333 1352 floribus
1360 1311 1552 1351 materia

241 1372 524 1414 foecundans.

301 1432 345 1486 §.
380 1433 481 1473 250.
523 1430 815 1475 Verrucarum
846 1432 1026 1472 nomine
1048 1429 1355 1487 intelligimus
1394 1429 1551 1470 tuber-

238 1493 347 1532 cula
372 1491 505 1541 dura,
529 1508 551 1533 e
578 1490 816 1548 superficie
842 1491 1003 1547 plantae
1030 1491 1336 1547 prominentia
1363 1520 1373 1530 .
1410 1489 1544 1539 Sunt,

240 1554 322 1609 qui
356 1559 523 1608 putent
553 1566 773 1593 verrucas
805 1553 913 1591 istas
946 1551 992 1589 in
1022 1548 1356 1605 glandularuni
1409 1563 1550 1589 censu

238 1612 474 1653 habendas
504 1629 514 1661 3
546 1620 593 1652 at
624 1627 706 1652 nos
732 1626 787 1652 ex
820 1625 980 1651 earum
1009 1610 1226 1650 ariditate
1255 1641 1267 1658 ,
1302 1616 1346 1649 et
1390 1623 1550 1665 aspre—

237 1674 341 1714 dine
372 1680 602 1713 excretam
633 1670 938 1729 vegetabilem
969 1671 1206 1711 materiem
1248 1671 1402 1726 potius
1453 1684 1547 1711 esse

239 1741 539 1774 autumamus
565 1765 576 1774 .

595 1852 713 1896 Pili.
749 1851 910 1895 Aculei
933 1884 942 1894 .
972 1848 1129 1909 Spina:
1160 1882 1170 1892 .

294 1973 339 2029 ᾗ.
373 1973 470 2016 251.
501 1972 591 2015 Pili
624 1972 890 2031 plantarum
911 1986 1004 2014 non
1037 1985 1191 2013 omnes
1223 1970 1279 2012 ad
1304 1970 1538 2029 expellen-

239 2041 305 2075 tes
354 2034 681 2091 glandularum
725 2033 907 2075 canales
939 2034 1197 2090 pertinent.
1238 2032 1361 2089 Saepe
1416 2034 1535 2073 enim

238 2094 432 2135 ducendi
457 2098 574 2136 aeris
599 2093 746 2136 officio
773 2093 1032 2151 funguntur
1062 2126 1072 2144 ‚
1095 2100 1140 2134 et
1165 2095 1540 2134 communicatio-

239 2168 341 2194 nem
370 2156 489 2195 intra
527 2153 799 2196 cellularem
852 2162 1031 2196 textum
1086 2156 1301 2211 aperiunt
1330 2185 1339 2195 .
1386 2153 1538 2206 Quare

240 2212 322 2269 pili
357 2212 639 2272 superficiem
693 2213 856 2272 plantae
900 2217 949 2257 in
979 2213 1341 2257 circumdantem
1385 2227 1536 2256 aerem
