1669 2563
1355 208 1404 251 19

237 289 281 347 §.
314 291 384 334 68.
415 290 519 344 Quae
549 305 653 333 cum
681 292 745 332 ita
771 293 887 343 sint,
920 292 1181 336 dicemusne
1212 310 1317 340 cum
1350 299 1450 341 Du-

176 351 399 402 trocheto‚
432 352 725 393 directionem
752 351 985 408 plumulae,
1018 361 1063 394 et
1094 355 1304 398 radiculae
1335 374 1361 399 a
1391 374 1463 401 co-

175 408 273 452 lore
304 411 479 452 diverso
512 410 705 467 pendere
726 443 736 460 ‚
769 426 861 468 quo
887 420 1081 470 utraque
1113 415 1314 470 gaudet,
1348 418 1461 460 adeo

173 478 228 511 ut
257 484 536 526 unaquaeque
561 485 612 511 eo
638 480 844 512 vertatur
873 504 884 522 ‚
917 473 1000 514 ubi
1049 472 1232 514 facilius
1264 475 1462 519 colorem

173 531 259 572 sibi
283 545 308 570 a
333 538 496 570 natura
525 529 721 571 inditum
752 532 941 588 adipisci
981 535 1148 590 queat?
1187 533 1355 575 Keithii
1380 568 1389 585 ‚
1418 544 1463 577 et

169 590 312 646 ipsius
336 589 611 631 Dutrocheti
629 590 904 647 periculum,
928 592 980 632 de
1003 608 1095 650 quo
1122 608 1258 650 supra
1274 594 1456 651 [§.67.]‚

170 650 236 689 rei
267 647 515 691 falsitatem
548 652 716 691 evincit
741 683 750 693 .
777 651 847 691 An
873 654 1026 708 potius
1051 668 1156 693 cum
1182 654 1339 694 eodem
1366 655 1461 695 Du-

167 708 374 750 trocheto
406 710 714 760 statuendum,
746 710 979 768 plumulae,
1029 719 1074 754 et
1096 713 1307 754 rad1culae
1340 714 1461 756 dirc-

163 769 357 810 ctionem
391 785 417 810 a
446 777 574 811 motu
629 785 784 812 earum
816 780 1058 829 spontaneo
1086 805 1097 823 ‚
1135 776 1350 830 potentiis
1380 790 1460 815 cx·-

164 830 305 869 ternis
325 829 669 886 impellentibus
695 863 706 881 ,
740 832 967 889 pendere?
998 832 1049 874 Id
1079 848 1160 874 nec
1204 848 1326 884 vere,
1374 849 1457 875 nec

162 887 543 946 philosophorum
573 905 728 940 more3
753 906 859 932 cum
892 891 1007 933 nihil
1039 907 1225 950 prorsus
1281 903 1457 951 sponta-

160 962 298 990 neum
328 964 420 991 esse
452 952 594 1007 possit
621 983 632 1001 ,
659 951 741 992 ubi
774 950 988 993 voluntas
1020 952 1151 994 nulla
1171 986 1181 1004 ,
1208 968 1289 994 nec
1322 969 1457 1010 spon-

161 1014 347 1050 taneum
374 1025 578 1067 unquam
612 1013 697 1061 sit,
730 1012 854 1068 quod
876 1013 934 1054 ab
966 1015 1165 1055 externis
1185 1015 1334 1055 causis
1366 1017 1455 1056 im-

159 1067 352 1126 pellitur
380 1102 390 1120 ,
424 1085 475 1111 ac
502 1079 713 1112 movetur
738 1103 747 1112 .

219 1128 262 1184 §.
297 1129 368 1187 69.
400 1130 629 1182 Quorsum
660 1132 802 1188 igitur
833 1130 922 1175 haec
956 1134 1140 1176 omnia?
1165 1132 1227 1177 Ut
1244 1134 1451 1183 sciamus,

160 1187 208 1229 in
241 1188 326 1231 hoc
360 1205 545 1248 quoque
576 1198 747 1233 naturae
778 1191 1003 1234 miraculo
1028 1208 1110 1236 nos
1145 1193 1264 1235 nihil
1296 1196 1410 1236 scire
1437 1224 1447 1234 .

695 1309 911 1353 Plumula
944 1344 953 1354 .

211 1426 255 1482 ᾗ.
288 1441 359 1483 70.
390 1426 608 1469 Plumula
641 1443 744 1484 pars
776 1433 990 1486 germinis
1020 1431 1292 1474 ascendens,
1327 1433 1450 1476 Con-

159 1494 248 1527 stat
279 1487 508 1544 gemmula
539 1504 562 1529 e
592 1487 766 1529 foliolis
793 1490 879 1530 sibi
929 1492 1123 1532 invicem
1181 1493 1451 1535 incumben-

151 1547 276 1587 tibus
301 1579 312 1597 ,
347 1545 605 1603 plantulam
651 1562 939 1590 ascensuram
990 1549 1279 1593 foventibus.
1313 1552 1449 1595 Nunc

147 1606 383 1648 cauliculo
414 1606 588 1649 visibili
634 1605 853 1658 suffulta,
907 1623 1028 1649 nunc
1080 1610 1280 1660 sessilis,
1328 1627 1449 1654 nunc

147 1666 260 1708 adeo
292 1669 468 1708 minuta
492 1701 504 1719 ‚
537 1676 589 1708 ut
619 1669 704 1708 nisi
732 1676 835 1724 post
879 1669 1104 1725 inceptam
1157 1672 1451 1726 germinatio-

146 1742 250 1768 nem
281 1730 482 1784 conspici
515 1729 684 1785 possit.
719 1727 909 1784 Insuper
942 1728 1015 1769 vel
1048 1729 1201 1780 nuda,
1234 1730 1307 1771 vel
1360 1733 1446 1774 sub

149 1788 347 1843 tegmine
378 1786 522 1829 latens
548 1820 559 1839 ‚
593 1790 670 1829 cui
701 1789 947 1845 coleoptilae
977 1803 1141 1831 nomen
1173 1793 1448 1835 recentiores

147 1848 419 1889 tribuerunt
446 1879 455 1889 .

204 1906 247 1962 ς.
282 1922 350 1963 71.
383 1907 510 1949 Licet
539 1921 648 1949 vero
679 1915 830 1964 partes
861 1922 1013 1951 omnes
1034 1909 1314 1952 ascendentis
1339 1925 1446 1952 cau-

145 1966 259 2008 dicis
290 1969 429 2008 insint
462 1970 509 2009 in
530 1970 732 2025 germine
754 2000 765 2018 ,
798 1982 879 2010 nos
930 1977 1083 2010 tamen
1114 1984 1203 2011 non
1251 1973 1448 2012 somnia-

143 2026 295 2068 bimus
325 2042 431 2069 cum
463 2028 879 2070 Leeuwenhoeckio
901 2062 911 2080 ,
949 2031 1119 2087 spicam
1159 2030 1325 2072 vidisse
1363 2046 1447 2088 ope

146 2089 251 2127 vitri
289 2089 334 2128 in
375 2088 587 2145 plumula
631 2090 803 2139 tritici,
858 2098 904 2130 et
962 2090 1095 2148 longe
1145 2092 1297 2132 minus
1346 2098 1445 2132 tum

144 2148 312 2202 spicam
341 2180 352 2198 ,
386 2157 483 2190 tum
515 2164 683 2205 organa
714 2148 920 2192 sexualia
952 2152 1000 2192 in
1021 2149 1237 2209 plumula
1263 2151 1440 2203 secans,

146 2213 201 2246 ut
230 2208 465 2264 perhibuit
494 2207 866 2253 Ledermullerus
890 2242 903 2252 .
