1669 2563
1379 181 1432 223 77

186 273 397 333 analogia
444 275 491 314 in
538 268 663 312 falsis
695 270 853 326 spinis
876 301 888 318 ‚
952 271 1047 309 sive
1080 271 1126 309 in
1187 271 1488 328 degeneribus

185 343 363 377 tantum
389 335 526 374 ramis
556 329 708 370 locum
746 328 884 369 habet
907 359 917 368 .

245 395 289 450 ξ,
322 393 419 435 255.
452 390 602 432 Nosne
633 389 775 444 igitur
807 387 1082 429 habebimus
1125 400 1232 427 cum
1278 388 1486 430 Hamelio

184 454 366 495 aculeos
394 464 477 507 pro
506 448 775 490 animafium
802 449 1035 504 unguibus
1058 478 1070 495 ‚
1098 448 1250 503 spinas
1280 462 1363 503 pro
1388 462 1485 489 cor-

183 515 318 556 nibus
340 543 351 561 ,
383 510 495 550 adeo
527 517 580 548 ut
611 523 681 550 res
713 516 909 564 utraque
943 515 1040 548 tum
1072 506 1129 546 ad
1183 505 1441 563 plantarum
1470 539 1483 557 ‚

184 582 279 615 tum
309 570 367 612 ad
396 567 665 611 animalium
688 567 999 610 defensionem
1021 565 1207 609 valeat?
1239 566 1485 608 structura

183 634 379 690 partium
410 643 501 670 non
528 628 685 670 eadem
716 630 764 669 in
795 628 968 669 aculeis
998 659 1009 677 ,
1063 634 1110 667 et
1134 627 1368 683 unguibus
1391 658 1402 675 ‚
1432 628 1478 665 111

183 693 336 748 spinis,
357 695 403 730 et
425 689 663 734 cornibus,
691 687 812 745 Ergo
837 687 954 729 nihil
973 688 1084 728 certi
1110 701 1257 743 neque
1279 685 1333 726 de
1353 693 1482 726 natu-

184 767 231 792 ra
250 783 261 801 ,
294 764 440 806 neque
470 749 525 792 de
556 747 704 790 officio
730 749 963 807 spinarum
991 780 1002 798 ‚
1034 755 1080 789 et
1109 746 1379 788 aculeorum
1399 760 1480 786 nos

183 819 379 854 statuere
415 824 661 867 possumus
680 841 690 855 ,

242 870 286 926 §,
319 868 418 911 256.
452 869 550 911 Nec
581 868 761 913 felicior
793 867 876 909 hac
908 865 1105 908 Hamelii
1145 867 1485 923 comparatione

181 928 313 972 nobis
346 929 527 970 videtur
547 930 830 986 comparatio
855 927 1117 985 Malpighii,
1140 929 1221 983 qui
1247 929 1415 982 spinas,
1441 934 1486 965 et

182 989 367 1031 aculeos
397 998 563 1032 natura
594 989 797 1047 pilorum
829 1003 922 1030 esse
954 988 1229 1036 autumavit,
1262 987 1371 1042 quia
1402 984 1486 1041 pili

183 1065 292 1108 saepe
324 1051 548 1107 rigescant
571 1081 580 1091 .
629 1048 837 1093 Partium
896 1057 1157 1096 anatomes,
1192 1044 1484 1102 officiumque

185 1110 386 1166 pilorum
417 1125 538 1151 nunc
571 1109 686 1151 bene
726 1116 1018 1167 perspectum
1061 1106 1320 1164 analogiam
1369 1105 1485 1147 hanc

183 1172 367 1212 omuino
400 1169 622 1212 refellunt
644 1202 654 1216 .

598 1287 809 1345 Capreoli
831 1319 840 1330 .
852 1286 1046 1361 'Fulcra
1067 1318 1077 1329 .

245 1407 289 1463 ς.
318 1408 420 1464 257.
451 1407 664 1464 Capreoli
695 1414 801 1448 sunt
830 1408 1004 1450 cirratae
1035 1405 1237 1463 quaedam
1267 1403 1487 1461 appendi-

185 1482 259 1508 ces
290 1499 300 1517 ‚
333 1482 530 1524 quarum
555 1482 641 1524 ope
666 1466 828 1523 plantae
852 1469 1075 1524 proximis
1098 1465 1265 1506 fulcris
1288 1466 1489 1504 innitun-

186 1534 263 1567 tur
291 1558 302 1577 ,
335 1534 389 1566 ut
419 1526 558 1567 altius
587 1527 896 1567 conscendant
921 1558 930 1567 .
963 1526 1036 1566 Hae
1068 1527 1169 1565 cirri
1199 1538 1384 1581 quoque
1416 1525 1487 1564 di-

185 1594 384 1628 cuntur.
417 1585 638 1628 Constant
667 1586 843 1635 iisdem,
877 1586 1010 1642 queis
1041 1583 1190 1624 caulis
1210 1616 1221 1633 ‚
1256 1583 1485 1639 partibus,

187 1646 356 1687 ludunt
387 1646 637 1704 simplices,
672 1645 746 1688 vel
792 1659 1002 1693 ramosae3
1054 1643 1182 1685 color
1230 1658 1387 1684 earum
1423 1646 1493 1685 vi-

187 1706 298 1747 ridis
322 1739 332 1756 ‚
365 1709 493 1764 origo
546 1708 701 1757 varia,
735 1720 857 1747 nunc
905 1707 1118 1762 oppositae
1167 1700 1292 1745 foliis
1321 1736 1332 1754 ‚
1366 1718 1487 1744 nunc

187 1769 234 1807 in
257 1766 477 1809 foliorum
521 1765 677 1808 axillis
704 1799 715 1817 ,
747 1765 819 1807 vel
864 1764 984 1806 infra
1012 1797 1023 1815 ,
1055 1767 1167 1806 item
1197 1778 1221 1804 e
1268 1762 1440 1820 petiolo
1469 1797 1480 1813 ‚

186 1834 268 1868 aut
296 1842 350 1868 ex
381 1829 509 1884 apice
539 1825 641 1869 folii
690 1828 781 1868 sive
825 1824 1063 1883 simplicis,
1096 1826 1189 1866 sive
1243 1825 1484 1879 compositi

187 1886 539 1944 proficiscuntur
561 1918 572 1928 .
604 1886 856 1928 Peculiaris
896 1894 963 1927 est
999 1886 1150 1926 cirrus
1181 1881 1489 1941 Nquendmm,

189 1949 270 2003 qui
300 1949 347 1988 in
385 1949 513 2006 apice
544 1946 646 1988 folii
679 1955 807 1989 ortus
839 1945 1063 2004 paulatim
1096 1952 1252 2002 turget
1275 1977 1286 1995 ‚
1317 1952 1363 1986 et
1392 1946 1489 1986 abit

189 2008 237 2047 in
256 2007 476 2062 cyathum
497 2009 622 2049 intus
644 2006 856 2064 plurimis
877 2004 1110 2063 glandulis
1131 2006 1488 2046 excernentibus

194 2066 408 2123 refertum
435 2100 445 2110 .
479 2068 753 2124 Hujusmodi
774 2067 985 2123 cyathus,
1017 2080 1155 2123 quem
1186 2067 1398 2107 ascidmm
1422 2065 1487 2105 di-

194 2130 264 2167 xit
292 2125 667 2178 Willdenowius‚
699 2136 839 2170 noctu
871 2125 1088 2185 operculo
1120 2140 1204 2167 suo
1251 2124 1486 2166 clauditur

195 2186 253 2226 ad
283 2186 521 2229 humorem
552 2187 828 2230 exsudatum
873 2186 1196 2245 excipiendum
1225 2219 1237 2236 ‚
1282 2184 1487 2226 interdiu

198 2252 320 2302 patet
340 2279 350 2295 ‚
381 2263 473 2304 quo
502 2248 622 2289 idem
651 2244 816 2290 humo?
861 2246 1013 2289 avolet
1039 2280 1049 2289 .
1095 2247 1257 2288 Cirrus
1305 2259 1489 2302 quoque

197 2304 361 2348 Cobaeae
390 2310 639 2351 scandentis
666 2311 846 2350 monitu
871 2307 1164 2352 Cl.·Tenorii
1209 2305 1446 2348 mirandus
1472 2336 1485 2356 ‚
