1669 2563
289 189 343 240 54

227 292 322 334 illis
353 299 454 333 :etas
488 298 578 339 est>3
611 306 754 349 quare
780 288 1010 349 gemmula
1037 301 1193 331 earum
1227 287 1371 344 magis
1403 301 1527 328 com-

228 355 376 409 posita
398 385 408 394 .
445 351 634 394 Scilicet
664 352 754 393 haec
787 351 1001 409 pluribus
1032 350 1134 391 aliis
1180 349 1354 390 ditatur
1405 362 1526 403 gein-

228 415 330 462 mis,
362 427 458 469 quae
488 414 751 454 successivis
782 413 909 452 annis
940 412 1189 453 successive
1221 407 1496 451 evolvuntur
1515 442 1523 450 .

228 472 519 529 Unaquaeque
555 471 795 513 surculum
821 473 957 528 parit,
990 473 1069 527 qui
1103 483 1218 510 anno
1249 467 1526 509 evolutionis

230 547 316 572 suae
358 547 503 573 unum
531 540 708 573 tanturn
739 546 952 573 vasorum
986 530 1376 587 lymphaticorum
1400 528 1526 568 ordi-

227 606 329 633 nem
347 592 485 633 habet
508 593 555 633 in
579 591 703 649 ligno
722 609 733 642 ς
752 590 944 648 singulis
977 598 1146 640 autem,
1170 590 1250 646 qui
1276 590 1526 644 insequun-

228 660 304 692 tur
335 685 346 703 ,
392 654 520 693 annis
564 667 710 694 novus
753 651 919 692 horum
964 665 1177 692 vasorum
1223 647 1334 689 ordo
1383 649 1524 704 priori

228 712 554 770 superadditur
580 744 590 762 ‚
625 714 691 753 ita
722 720 774 752 ut
804 713 884 768 qui
910 709 1127 752 surculus
1157 710 1332 766 primus
1361 724 1386 748 e
1410 708 1526 748 radi-

227 787 278 812 ce
312 773 501 829 prodiit,
533 772 927 813 numerosioribus
959 770 1121 827 ligneis
1170 769 1410 810 ordinibus
1450 769 1527 810 de-

226 847 355 874 mum
382 839 559 889 praestet
578 864 588 881 ‚
621 839 667 873 et
697 833 898 873 vicissim
923 860 933 872 .

288 892 333 947 §.
373 894 466 934 181.
500 892 662 949 Itaque
694 893 832 933 arbor
864 889 914 931 fit
944 906 999 931 ex
1033 889 1251 947 pluribus
1306 889 1527 945 superim-

229 954 390 1008 positis
415 951 584 1009 plantis
608 985 619 1003 ,
646 953 895 994 successive
926 953 1069 990 enatis
1096 982 1108 1000 ,
1136 951 1306 1006 quibus
1348 948 1526 989 caudex

228 1012 328 1067 ejus
348 1013 601 1068 porrigitur
620 1043 632 1062 ,
664 1019 709 1052 et
732 1010 852 1052 mole
883 1018 1079 1067 augetur
1107 1011 1193 1050 suh
1226 1010 1329 1050 coni
1362 1010 1524 1065 speeie.

227 1072 445 1123 Quinimo
478 1074 512 1113 si
543 1070 723 1112 caudex
752 1072 837 1112 iste
869 1084 1011 1127 prope
1040 1069 1240 1110 radicem
1289 1069 1526 1109 abscinda-

228 1139 323 1181 tur,
357 1133 463 1172 anni
492 1133 633 1172 aetatis
663 1132 763 1187 ejus
790 1146 816 1171 a
838 1129 1002 1187 ligneis
1027 1143 1243 1170 vasorum
1275 1127 1527 1185 lymphati-

226 1206 389 1232 corum
421 1191 662 1232 ordinibus
693 1198 913 1248 poterunt
943 1190 1225 1230 dinumerari
1250 1220 1260 1229 .
1312 1188 1410 1228 Haec
1458 1196 1527 1228 ta-

226 1266 330 1291 men
362 1266 432 1291 res
462 1266 553 1291 non
583 1266 759 1307 semper
791 1257 891 1291 tuta
916 1283 927 1301 ‚
960 1264 1066 1289 cum
1100 1263 1191 1289 uno
1212 1280 1222 1298 ,
1276 1247 1526 1304 eodemque

225 1324 343 1351 anno
375 1308 450 1351 vel
483 1313 529 1350 in
561 1311 826 1367 temperatis
860 1317 985 1350 terrae
1019 1307 1166 1365 plagis
1200 1306 1356 1364 plures
1399 1309 1523 1348 nasci

226 1378 399 1427 queant
424 1369 565 1426 lignei
597 1371 782 1411 ordines
811 1384 868 1411 ex
901 1368 1089 1411 alternis
1121 1367 1288 1409 caloris
1307 1399 1318 1417 ‚
1348 1376 1395 1409 et
1441 1367 1527 1408 fri.-

227 1432 352 1488 goris
394 1431 606 1481 vicibus,
633 1432 681 1472 in
710 1445 827 1488 quas
869 1444 948 1472 ver
997 1436 1206 1471 nostrum
1237 1443 1348 1485 saepe
1384 1426 1527 1469 offen-

227 1492 295 1532 dit
318 1522 328 1532 .

629 1609 815 1653 Gemmae
857 1609 1075 1653 caudiceae
1100 1641 1111 1652 .

288 1730 334 1787 ς.
375 1731 469 1774 182.
501 1729 695 1772 Gemmae
726 1728 989 1787 plantarum
1027 1727 1484 1785 dicotyledonearum
1511 1763 1522 1779 ,

228 1793 282 1833 dc
308 1792 478 1849 quibus
511 1806 620 1848 Saepe
650 1794 866 1842 memini,
900 1798 1005 1832 sunt
1035 1804 1228 1847 corpora
1277 1789 1479 1845 quaedam
1511 1823 1522 1839 ‚

226 1867 323 1909 quae
379 1860 553 1908 partem
605 1850 766 1908 plantae
797 1849 988 1901 fovent,
1034 1865 1140 1891 mox
1188 1849 1483 1890 evolvendam
1510 1883 1519 1891 .

227 1913 299 1953 Hae
330 1911 672 1953 circumdantur
705 1911 976 1968 squamulis‚
997 1909 1071 1951 vel
1092 1908 1282 1958 foliolis,
1305 1917 1349 1950 et
1380 1908 1524 1966 pluri-

224 1987 350 2012 mum
381 1974 560 2013 variant
590 1971 767 2022 forma,
800 1972 925 2029 quod
951 1970 1138 2029 quidem
1168 1968 1375 2026 agricolae
1421 1984 1523 2026 pro-

225 2033 283 2073 be
315 2040 523 2081 norunt3
555 2047 699 2089 quare
731 2047 787 2072 ex
820 2031 904 2073 hae
931 2063 942 2082 ‚
989 2046 1096 2072 cum
1147 2029 1310 2087 plantae
1356 2030 1521 2084 hyeme

226 2091 351 2133 foliis
382 2093 602 2134 orbantur
628 2124 639 2143 ‚
664 2091 831 2134 melius
866 2106 1005 2150 quam
1046 2091 1191 2132 caeteri
1230 2089 1335 2131 illas
1366 2090 1523 2147 digno-

228 2159 365 2194 scunt
387 2184 397 2194 .

286 2212 330 2267 §.
368 2213 463 2254 183.
499 2212 702 2269 Squamae
740 2226 1023 2270 gemmarum
1064 2218 1286 2253 excavatae
1309 2242 1320 2259 ,
1365 2210 1521 2251 imbri-

225 2280 332 2313 catae
355 2305 366 2323 ‚
399 2281 591 2314 externae
622 2273 747 2330 apud
778 2286 859 2314 nos
879 2305 890 2324 9
923 2280 968 2314 et
998 2274 1046 2313 in
1083 2270 1404 2329 frigidioribus
1447 2286 1519 2311 re-

226 2333 440 2390 gionibus
462 2333 585 2376 durae
611 2366 623 2386 ,
656 2333 840 2393 reliquae
871 2340 1031 2376 tenerae
1049 2365 1060 2385 ,
1078 2334 1241 2376 sensim
1264 2332 1518 2388 sensimque
