1669 2563
225 248 338 291 tanti
369 262 458 289 non
487 251 620 294 sunt,
651 238 810 298 quanti
843 250 940 294 quae
970 237 1016 277 iu
1048 236 1213 277 harum
1249 235 1511 293 plantarum

228 317 391 352 trunco
420 307 749 364 dignoscuntur
773 331 782 340 .

761 433 958 493 Stipulae
975 466 984 475 .

282 604 328 659 §.
361 603 460 655 242.
491 599 615 658 Saepe
638 597 696 640 ad
728 595 947 639 foliorum
971 626 983 645 ‚
1015 591 1090 636 vel
1125 588 1408 650 petiolorum
1447 588 1524 630 ba-

227 665 309 706 sim
347 662 438 704 alia
485 659 690 718 quaedam
738 655 902 699 foliola
929 687 940 706 ,
994 669 1074 696 seu
1124 654 1279 711 potius
1328 649 1524 691 foliaeea

226 730 430 765 ramenta
480 725 731 762 occurrunt
773 717 946 758 caeteris
990 714 1117 756 foliis
1160 717 1395 755 structura
1444 724 1525 766 pe-

226 784 384 824 nitiori
422 780 590 824 similia
609 812 621 830 ,
665 792 763 836 quae
794 776 988 833 stipulas
1019 775 1264 816 dixerunt.

285 843 330 898 §.
364 844 464 895 243.
497 840 589 881 Alii
620 853 729 882 vero
761 851 892 878 omne
917 836 988 885 id,
1021 834 1147 892 quod
1179 836 1227 873 in
1256 831 1354 873 basi
1386 826 1527 870 folio-

227 918 332 945 rum
369 900 638 950 offendunt,
690 897 909 955 stipulam
939 902 1133 944 vocant,
1166 892 1277 934 licet
1324 903 1406 931 nec
1437 888 1527 929 for-

228 978 349 1004 mam
372 995 384 1013 ‚
416 977 499 1004 nec
533 963 670 1003 situm
703 958 981 1015 stipularum
1003 989 1014 1007 ,
1053 955 1107 996 de
1137 953 1310 1011 quibus
1333 950 1526 1006 egimus,

231 1022 442 1065 ostendat
461 1054 471 1065 .
503 1022 621 1063 Hinc
651 1018 822 1063 hahent
853 1031 936 1075 pro
967 1014 1140 1074 stipula
1169 1011 1365 1070 ligulam
1385 1024 1529 1050 mem-

232 1084 507 1126 branaceam
539 1114 551 1132 ‚
610 1078 764 1122 albam
790 1111 802 1130 ,
859 1091 957 1135 quae
1006 1078 1055 1117 in
1103 1070 1386 1116 Graminibus
1435 1070 1530 1110 ori-

229 1150 311 1185 tur
345 1146 462 1185 inter
493 1141 596 1184 folii
626 1141 865 1197 vaginam,
905 1145 951 1179 et
989 1135 1155 1178 folium
1204 1136 1356 1191 ipsum
1379 1163 1391 1182 ,
1421 1127 1527 1171 cul-

230 1218 449 1260 mumque
494 1200 819 1259 amplectitur,
861 1209 960 1239 tum
1013 1195 1229 1239 fibratum
1274 1199 1367 1234 rete
1391 1222 1403 1241 ,
1434 1203 1529 1247 quo

229 1262 414 1305 frondes
443 1262 706 1304 Palmarum
735 1261 833 1302 basi
865 1272 948 1300 sua
978 1256 1303 1314 expanduntur
1341 1251 1400 1292 ad
1432 1264 1529 1290 am-

229 1322 513 1380 plexandum
534 1320 715 1364 caulem
735 1352 746 1370 ,
780 1318 998 1377 quodque
1026 1315 1219 1358 Linkius
1251 1312 1422 1355 reticuli
1451 1323 1529 1350 no-

230 1386 351 1425 mine
385 1383 623 1432 distinxit,
657 1388 757 1421 tum
787 1379 1015 1435 vaginam,
1041 1390 1140 1433 quae
1169 1374 1526 1431 Aspamgorum,

230 1442 306 1484 vel
337 1442 536 1484 Pinuzmz
571 1440 684 1482 folia
714 1441 814 1481 basi
837 1437 1093 1480 circumdat
1111 1468 1123 1486 ,
1148 1434 1248 1476 illic
1269 1430 1524 1490 hypophyl-

229 1503 336 1543 lium
359 1503 418 1543 ab
450 1501 609 1542 eodem
642 1499 805 1539 Linkio
830 1529 842 1548 9
875 1497 950 1537 hic
981 1495 1242 1551 ‘vaginulam
1284 1492 1470 1550 proprie
1499 1504 1526 1529 a

230 1560 543 1604 Decandolleo
574 1566 886 1616 nuncupatam
906 1588 917 1605 ‚
950 1565 1050 1598 tum
1082 1555 1280 1610 denique
1325 1550 1528 1593 ocltream

229 1623 564 1679 Polygonorum
589 1653 600 1672 ‚
635 1634 726 1676 qua
765 1615 1116 1661 Willdenowius
1158 1613 1471 1655 membranam
1501 1624 1528 1649 a

230 1683 380 1724 caulis
410 1681 531 1724 nodo
564 1678 848 1739 profectam,
889 1684 934 1718 et
994 1674 1307 1718 internodium
1350 1670 1527 1712 inferne

236 1742 559 1786 obvolventem
588 1740 814 1781 indicavit
832 1771 842 1782 .

289 1804 335 1859 ᾗ.
369 1806 471 1858 244.
503 1800 813 1859 Stipularum,
851 1797 1189 1854 cujuscumque
1226 1793 1381 1836 formae
1414 1791 1528 1842 sint,

231 1870 468 1907 structura
497 1878 606 1904 cum
637 1862 821 1903 omnino
853 1858 1011 1901 eadem
1030 1890 1041 1909 ,
1074 1873 1127 1899 ac
1161 1855 1244 1898 illa
1276 1853 1495 1896 foliorum
1515 1884 1527 1902 ‚

230 1924 351 1967 idem
381 1938 567 1983 quoque
598 1921 798 1965 officium
841 1935 936 1962 esse
981 1918 1121 1960 debet
1141 1950 1154 1962 .
1185 1918 1396 1972 Cumque
1449 1913 1530 1954 sti-

234 1984 351 2040 pulae
409 1983 612 2043 quaedam
640 2016 651 2034 ‚
707 1980 834 2024 foliis
888 1980 1180 2022 venientibus
1208 2011 1220 2029 ‚
1276 1973 1488 2017 decidant
1516 2005 1527 2022 ‚

234 2045 436 2100 quaedam
467 2060 558 2086 una
587 2058 693 2085 cum
740 2041 866 2084 foliis
912 2042 1022 2099 ipsis
1068 2038 1347 2098 perdurent,
1380 2035 1531 2092 primae

238 2103 507 2147 alimentum
541 2112 702 2162 parant
732 2101 905 2144 futuris
938 2100 1080 2151 foliis,
1105 2097 1395 2155 cotyledonis
1414 2127 1425 2145 ,
1456 2092 1531 2134 vel

239 2164 448 2207 medullae
478 2168 619 2207 instar
644 2198 654 2216 ‚
697 2162 882 2220 reliquae
914 2161 1039 2204 foliis
1070 2162 1181 2218 ipsis
1211 2161 1260 2201 in
1290 2157 1416 2201 succi
1454 2169 1532 2195 ve-

242 2224 450 2279 getabilis
499 2225 790 2267 defaecatione
840 2221 1128 2281 opitulantur
1155 2255 1166 2272 ,
1218 2218 1292 2263 vel
1343 2214 1531 2259 defaeca-

244 2286 410 2326 tionem
457 2289 590 2329 istam
639 2284 853 2328 incohant
880 2318 890 2327 .
937 2284 996 2326 At
1047 2281 1218 2340 reliqui
1254 2276 1530 2336 stipularum
