1669 2563
271 139 348 181 136

763 303 798 347 S
800 319 915 347 emen
935 338 944 347 .

262 423 306 479 ξ.
338 427 438 481 407.
472 424 539 464 Ad
564 439 710 466 semen
740 432 928 466 ventum
957 432 1036 476 est,
1070 424 1194 481 quod
1226 427 1433 482 primus,
1459 435 1503 469 et

202 486 456 541 praecipuus
488 487 783 541 vegetationis
808 500 985 542 scopus,
1027 499 1132 526 cum
1159 486 1216 526 ab
1239 500 1290 526 eo
1318 488 1412 527 vita
1437 503 1505 528 re-

198 546 275 599 gni
303 544 571 601 vegetabilis
603 548 784 586 omnino
811 545 1004 602 pendeat
1032 577 1041 586 .
1075 545 1143 586 De
1176 559 1269 601 quo
1310 546 1498 602 quidem

201 606 368 645 semine
413 620 518 645 cum
544 606 677 646 initio
708 605 847 660 hujus
869 604 976 646 libri
1010 606 1115 646 satis
1148 620 1374 662 superque
1397 622 1501 663 per-

197 665 456 719 egerimus,
491 663 608 705 nihil
639 664 769 705 aliud
816 680 937 705 nunc
985 664 1244 706 addendum
1295 674 1501 722 superest

198 730 358 778 praeter
385 739 454 773 ea,
509 739 605 781 quae
636 727 778 765 totius
802 723 1008 775 fructus,
1054 724 1156 765 ideo
1207 731 1253 766 et
1313 728 1496 768 seminis

195 786 510 824 maturitatem
542 782 739 825 afferunt
764 816 772 825 .

403 901 625 958 Perfectio
653 935 664 952 ,
715 912 756 943 et
806 905 1038 944 maturitas
1070 901 1286 958 fructus.

254 1020 299 1076 ἕ.
335 1023 437 1074 408.
470 1020 669 1062 Fructus
692 1054 702 1071 ‚
737 1022 1010 1077 seminisque
1054 1019 1275 1077 perfectio
1327 1022 1493 1078 pendet

196 1081 255 1121 ab
312 1079 491 1121 influxu
540 1083 657 1122 aeris
711 1079 1043 1137 atmosphaerici
1068 1112 1079 1130 ,
1126 1088 1171 1121 et
1201 1079 1367 1122 caloris
1410 1084 1494 1123 cir-

195 1143 463 1181 cumstantis
485 1173 495 1190 ‚
530 1142 638 1181 item
669 1155 695 1181 a
725 1142 960 1196 praesentia
984 1172 995 1190 ‚
1017 1139 1091 1181 vel
1123 1138 1306 1181 defectu
1337 1140 1455 1182 lucis
1482 1175 1491 1183 .

193 1198 420 1240 Theodori
456 1200 687 1241 Saussurii
720 1200 1058 1241 observationes
1108 1202 1342 1257 sequentia
1391 1215 1493 1259 sup-

190 1259 401 1315 peditant
432 1268 591 1301 contra
621 1259 907 1301 Berardum:

255 1318 310 1361 1⁰.
345 1319 543 1361 Fructus
574 1320 758 1370 virides,
782 1328 828 1361 et
858 1320 1090 1361 immaturi
1120 1352 1131 1370 ‚
1155 1319 1304 1360 adhuc
1326 1319 1493 1361 11301011-

190 1386 258 1420 tes
290 1382 428 1420 matri
459 1388 598 1421 noctu
642 1379 863 1421 foliorum
917 1382 1057 1421 instar
1110 1395 1212 1421 aere
1264 1383 1491 1437 oxygenio

187 1440 492 1496 atmosphaerae
557 1442 796 1497 potiuntur
837 1471 848 1490 ‚
926 1454 1129 1496 quocum
1196 1454 1271 1480 aer
1330 1439 1492 1481 acidus

188 1500 463 1541 carbonicus
492 1498 542 1540 fit
571 1503 618 1540 in
649 1501 866 1557 penitiori
897 1514 1056 1540 eorum
1088 1500 1344 1541 substantia
1363 1531 1372 1540 .
1429 1499 1489 1540 At

187 1559 326 1599 iidem
353 1558 535 1600 fructus
566 1561 625 1601 ab
657 1561 821 1602 arbore
854 1558 1002 1600 avulsi
1027 1558 1075 1599 id
1105 1574 1157 1600 eo
1188 1560 1338 1600 minus
1383 1573 1491 1599 con-

186 1627 456 1675 sequuntur,
483 1634 574 1676 quo
597 1622 738 1677 magis
760 1622 826 1660 vis
847 1633 1005 1660 eorum
1025 1627 1238 1675 vegetans
1260 1620 1490 1659 imminui-

185 1686 292 1727 turg
326 1679 523 1736 denique
541 1713 552 1730 ‚
585 1680 670 1720 hac
704 1678 954 1736 plurimum
977 1678 1296 1736 languescente
1318 1712 1329 1729 ‚
1381 1679 1490 1719 nul-

187 1737 291 1779 lum
321 1738 523 1795 amplius
555 1755 703 1780 aerem
737 1741 1014 1797 oxygenium
1052 1739 1299 1780 absorbent
1323 1771 1333 1789 ‚
1359 1740 1490 1795 quin-

187 1799 296 1849 imo,
323 1800 540 1840 carbonio
563 1802 749 1850 emisso,
782 1808 826 1840 et
856 1815 957 1841 aere
987 1799 1119 1840 acido
1148 1799 1391 1839 carbonico
1417 1814 1491 1839 ex-

183 1860 352 1910 citato,
377 1861 743 1901 circumstantem
773 1858 1117 1916 atmosphaeram
1149 1861 1314 1900 vitiant
1335 1892 1345 1909 ‚
1381 1874 1488 1916 prae-

182 1920 317 1976 cipue
363 1921 398 1960 si
430 1919 593 1976 degant
624 1921 670 1960 in
702 1921 900 1961 tenebris
920 1952 929 1961 .

242 1976 304 2020 20.
337 1980 425 2032 Qui
455 1994 530 2019 aer
561 1982 812 2038 oxygenius
847 1986 984 2020 noctu
1034 1979 1309 2020 absorbetur
1334 1994 1358 2019 a
1388 1977 1490 2019 fru-

184 2040 335 2080 ctibus
364 2042 620 2081 immaturis
639 2073 650 2091 ,
683 2039 755 2081 vel
782 2047 919 2089 totus,
954 2038 1026 2080 vel
1058 2042 1104 2079 in
1137 2047 1265 2096 parte
1288 2039 1488 2080 interdiu

183 2100 241 2140 ab
272 2100 430 2141 iisdem
462 2099 704 2141 exhalatur
729 2132 739 2150 ,
773 2101 990 2141 carbonio
1025 2107 1200 2141 retento
1231 2132 1239 2140 .
1274 2098 1490 2141 Praeterea

182 2160 335 2216 siquid
389 2162 505 2202 aeris
537 2160 656 2201 acidi
682 2161 916 2202 carbonici
948 2159 1085 2201 liberi
1116 2160 1163 2200 hi
1196 2162 1283 2217 ipsi
1308 2159 1488 2202 fructus

181 2221 435 2271 immaturi,
471 2221 721 2278 arborique
748 2220 962 2262 haerentes
991 2220 1193 2261 interdiu
1241 2222 1289 2261 in
1340 2223 1492 2277 proxi-

182 2296 256 2321 ma
291 2281 587 2337 atmosphaera
621 2283 849 2338 reperiant
873 2314 883 2331 ‚
911 2281 1196 2332 dissolvunt,
1229 2288 1276 2323 et
1328 2282 1492 2323 carbo-

180 2344 257 2383 1110
288 2342 385 2395 ejus
418 2343 685 2398 potiuntur.
