1669 2563
1322 158 1401 198 311

177 266 381 325 planta'm
405 281 430 308 a
460 266 792 323 congeneribus
822 267 915 305 suis
939 277 1027 304 non
1049 262 1355 319 distinguunt,
1378 276 1471 303 esse

174 327 314 369 falsas
342 360 352 377 ‚
380 334 425 367 et
454 325 738 367 characteres
786 337 869 381 pro
914 321 1179 363 dirimendis
1233 323 1472 380 speciebus

173 401 412 444 nunquam
442 385 501 426 ab
533 386 588 427 iis
612 384 822 442 partibus
854 381 1069 439 petendos
1092 414 1103 432 ,
1136 395 1234 438 quae
1281 385 1472 424 varieta-

175 449 302 489 tibus
332 445 536 488 obnoxiae
554 476 565 494 ‚
600 447 744 502 igitur
774 457 864 484 non
890 440 1188 483 desumendos
1213 456 1239 481 a
1270 449 1472 499 tempore

176 504 366 548 florendi
399 537 410 554 ,
438 518 465 545 a
490 503 645 546 colore
669 537 680 556 ,
710 502 848 545 odore
878 533 889 551 ‚
925 514 1084 557 sapore
1106 531 1123 553 ,
1154 514 1243 541 usu
1261 532 1272 550 ‚
1319 516 1430 542 sexu
1458 534 1471 553 ,

176 566 336 608 formis
366 567 665 607 monstruosis
692 596 703 614 ,
736 562 933 605 hirsutia
952 592 962 610 ‚
994 562 1120 610 vita,
1151 559 1471 612 multitudine,

175 626 254 668 sed
285 640 312 666 a
343 625 495 666 radice
523 656 535 674 ,
569 641 596 666 a
639 623 773 666 caule
797 655 809 672 ‚
858 636 884 663 a
928 618 1052 662 foliis
1080 652 1091 670 ,
1137 634 1164 659 a
1210 618 1401 669 fulcris,
1447 636 1474 661 a

173 684 322 727 forma
347 716 359 734 ‚
390 692 436 726 et
467 685 558 725 situ
607 681 977 726 fructificationis
1004 712 1016 730 ‚
1048 695 1075 721 a
1104 693 1296 724 numero
1321 712 1332 729 ,
1364 677 1475 736 figu-

175 760 228 786 ra
250 776 262 795 ,
294 745 387 786 situ
414 776 425 795 ,
459 751 504 785 et
535 745 832 803 proportione
870 741 1072 799 partium
1097 771 1108 781 .
1158 738 1291 793 Quod
1343 741 1475 795 siqua

174 806 346 862 species
380 803 477 846 sola
509 804 595 846 sub
641 805 748 848 dato
804 815 966 860 genere
1015 800 1273 856 reperiatur
1300 830 1310 849 ‚
1342 798 1431 840 haec
1460 832 1470 849 ,

172 879 282 906 cum
313 863 370 905 ad
403 863 543 906 aliam
569 863 729 907 referri
761 868 958 919 nequeat
984 892 996 911 ‚
1027 866 1152 901 caret
1189 858 1341 900 adhuc
1394 875 1472 917 per

175 940 221 968 se
252 922 511 967 differentia
542 924 749 982 specifica
778 955 788 974 ,
821 935 918 979 quae
950 927 1059 962 tunc
1103 926 1282 960 tantum
1330 919 1474 961 deter-

178 985 452 1035 minabitur,
483 999 588 1026 cum
620 984 713 1026 alia
745 984 920 1040 species
951 979 1156 1037 ejusdem
1181 982 1357 1036 generis
1394 979 1474 1021 de-

174 1052 358 1102 tegatur
382 1076 392 1086 .
424 1043 523 1086 Nec
555 1044 740 1101 phrases
769 1039 1009 1100 specificae,
1041 1054 1138 1097 quae
1169 1039 1473 1085 differentiam

174 1106 292 1146 inter
340 1103 497 1162 plures
540 1107 711 1163 species
755 1102 959 1158 ejusdem
1008 1102 1183 1157 generis
1221 1115 1342 1142 nunc
1390 1111 1475 1145 sta-

174 1170 315 1206 tuunt
336 1195 348 1216 ,
382 1179 599 1222 perennes
623 1196 635 1215 ‚
668 1172 714 1205 et
757 1160 1072 1203 immutabiles
1116 1175 1292 1217 semper
1337 1171 1474 1214 sunt,

173 1240 281 1266 cum
304 1255 316 1274 ,
348 1226 478 1267 novis
510 1223 679 1282 plantis
710 1222 768 1264 ad
797 1223 919 1263 idem
949 1235 1091 1278 genus
1136 1222 1476 1278 pertinentibus

176 1285 370 1342 repertis
394 1317 406 1335 ,
437 1282 535 1326 fieri
569 1286 710 1342 possit
735 1315 746 1333 ‚
777 1290 831 1323 ut
861 1288 974 1323 notae
1005 1279 1094 1321 illae
1127 1279 1339 1338 specificae
1368 1297 1476 1325 cum

172 1347 295 1386 notis
336 1359 558 1387 novarum
590 1345 804 1401 stirpium
842 1343 1114 1383 conveniant
1141 1372 1153 1391 ,
1198 1357 1340 1397 quare
1394 1343 1475 1385 alii

171 1404 460 1447 characteres
488 1407 741 1447 necessario
777 1400 1027 1444 adhibendi
1071 1415 1156 1458 pro
1204 1410 1476 1446 cunctarum

174 1463 435 1507 differentia
463 1463 783 1507 constituenda
801 1494 810 1504 .

236 1525 284 1581 ς.
322 1525 420 1568 186.
452 1525 552 1568 Haec
584 1532 739 1567 autem
770 1521 1012 1564 methodus
1041 1529 1137 1573 est,
1171 1536 1263 1578 qua
1306 1524 1477 1580 species

174 1586 460 1628 enuntiandae
487 1618 501 1638 ,ι
550 1585 625 1627 vel
682 1585 740 1626 ab
792 1585 904 1624 artis
957 1583 1186 1639 magistris
1235 1585 1477 1625 enuntiatae

173 1644 399 1688 fuerunt.
444 1645 738 1688 Praemittitur
787 1657 952 1684 nomen
995 1645 1171 1699 generis
1198 1675 1209 1692 ‚
1255 1642 1313 1684 ad
1351 1643 1477 1701 quod

177 1706 352 1763 species
383 1708 582 1763 pertinet
610 1738 622 1757 ,
650 1707 729 1746 cui
759 1704 933 1745 nomini
964 1704 1116 1744 statim
1147 1703 1364 1759 adjicitur
1394 1718 1477 1745 no-

174 1781 280 1808 men
305 1764 566 1823 specificum
592 1799 604 1817 ‚
636 1765 762 1822 quod
808 1763 863 1804 de
913 1762 1204 1805 distinctione
1233 1795 1244 1813 ‚
1277 1769 1323 1804 et
1365 1762 1477 1805 cha-

175 1835 352 1869 ractere
388 1828 576 1884 proprio
602 1828 756 1882 stirpis
786 1837 866 1865 nos
895 1831 1077 1864 moneat
1101 1855 1112 1874 ‚
1145 1822 1373 1880 debetque
1408 1839 1478 1866 es-

177 1901 224 1928 se
256 1886 453 1944 simplex
473 1919 485 1938 ‚
518 1886 797 1942 adjectivum
817 1916 828 1935 ‚
861 1899 885 1925 e
917 1882 1061 1924 latino
1080 1915 1090 1934 ‚
1122 1890 1350 1940 quantum
1380 1881 1475 1925 fieri

176 1953 330 2004 potest
355 1979 366 1997 ‚
399 1948 595 2005 petitum
619 1979 630 1998 ,
662 1946 802 1988 breve
826 1976 837 1995 ‚
870 1957 960 1984 non
993 1945 1137 2001 tropis
1168 1943 1410 1986 rhetoricis
1433 1943 1479 1986 fi-

176 2014 393 2064 guratum
416 2040 428 2058 ,
460 2022 697 2065 nunquam
729 2018 969 2048 erroneum
990 2036 1001 2055 ,
1039 2004 1116 2045 sed
1154 2002 1348 2046 fideliter
1396 2020 1478 2046 ex-

177 2081 350 2124 ponens
372 2082 456 2119 ea,
491 2082 589 2125 quae
620 2074 786 2109 natura
831 2064 1012 2106 dictitat
1039 2096 1049 2105 .
1090 2064 1184 2106 Hac
1235 2064 1291 2123 de
1338 2079 1477 2107 causa

175 2128 360 2168 nomina
391 2129 701 2185 comparativa
729 2160 739 2178 ,
778 2123 1058 2183 superlativa
1083 2157 1093 2175 ,
1134 2126 1343 2182 negativa
1395 2139 1477 2166 ex-

177 2186 406 2230 cludenda
430 2221 441 2239 ,
473 2203 570 2245 quae
595 2201 830 2244 nunquam
861 2192 985 2227 certa
1016 2200 1095 2242 per
1127 2200 1171 2226 se
1201 2217 1212 2235 ,
1246 2184 1323 2226 sed
1367 2191 1475 2226 tunc

178 2255 360 2290 tantum
391 2247 576 2291 definita
606 2281 617 2299 ,
647 2262 752 2289 cum
784 2260 947 2287 nomen
972 2246 1222 2303 positivum
1254 2244 1475 2301 dignosci-

179 2316 255 2354 tur
281 2342 292 2361 ,
326 2323 528 2368 quocum
580 2314 902 2367 comparantur
937 2339 944 2347 .
977 2305 1155 2348 Nomen
1187 2306 1469 2362 genericum,
