1669 2563
220 157 292 213 ’74

167 261 327 312 modi,
360 262 443 319 qui
463 260 644 305 caulem
669 295 680 313 ,
716 261 788 306 vel
825 263 939 306 folia
971 261 1317 323 amplectuntur
1337 298 1350 317 ,
1383 281 1458 307 ro-

167 323 256 364 bur
287 321 454 365 eisdem
499 327 722 381 praecipue
754 325 1079 383 suppeditant.

563 441 814 488 Glandulae.
843 443 888 489 V
884 459 1043 487 errucoe
1064 477 1074 486 .

225 561 271 618 §.
302 560 402 616 245.
441 560 662 604 Folliculi
704 563 892 621 qnidam
918 597 931 616 ,
963 571 1045 606 aut
1093 563 1283 621 quidam
1331 562 1459 605 solli-

167 622 381 663 culorum
411 621 634 679 glomeres
664 624 944 682 peculiarem
976 625 1203 681 liquorem
1229 657 1239 675 ‚
1273 632 1355 665 aut
1385 637 1466 665 va-

169 696 327 738 porem
381 691 661 725 secernentes
697 687 991 742 reperiuntur
1016 687 1064 725 in
1120 684 1290 741 plantis
1317 716 1328 734 ,
1380 685 1461 740 qui

165 742 391 796 glandulae
421 743 644 785 audiunt.
675 745 733 786 Hi
764 745 931 786 adsunt
962 746 1189 802 praecipue
1221 747 1268 784 in
1299 743 1424 785 foliis
1451 776 1462 793 ‚

167 802 245 843 sed
287 811 333 845 et
375 805 425 845 in
472 800 693 856 floribus,
739 804 813 847 vel
862 808 909 848 in
960 805 1062 847 aliis
1105 804 1267 862 plantae
1320 805 1465 862 parti-

171 862 260 902 bus
284 894 296 905 .

227 921 271 976 ὃ.
324 921 424 976 246.
470 920 808 966 Glandularum
861 931 1092 967 structura
1117 956 1127 974 ,
1176 931 1222 965 et
1266 921 1465 964 officium

168 980 343 1038 duplex
368 1014 378 1023 .
409 982 521 1023 Aliae
553 986 674 1024 enim
705 999 762 1025 ex
794 983 962 1025 loculis
1007 982 1312 1025 cellularibus
1365 985 1466 1023 sim-

167 1040 429 1097 plicissimis
461 1041 605 1094 fiunt,
639 1051 684 1084 et
715 1046 889 1101 patenti
921 1043 1053 1085 hiatu
1084 1042 1208 1084 foras
1258 1042 1332 1083 vel
1354 1041 1468 1082 hali-

165 1109 282 1151 tum,
313 1101 388 1143 vel
419 1101 658 1144 humorem
682 1102 899 1154 fundunt,
931 1103 1161 1144 cellalares
1190 1103 1412 1154 glandulae
1442 1117 1469 1142 a

169 1160 385 1202 Mirbelio
407 1161 534 1204 dictae
553 1195 565 1214 ‚
588 1171 633 1205 et
671 1165 718 1204 in
753 1163 1080 1221 glandularum
1124 1165 1469 1204 excernentium

166 1235 304 1261 censu
333 1220 520 1264 habitae.
552 1224 620 1264 De
642 1223 713 1265 his
728 1226 904 1280 primus
927 1226 1130 1264 omnium
1155 1222 1378 1279 loquutus
1404 1230 1472 1262 est

166 1280 447 1338 Malpighius
474 1313 484 1323 .
511 1282 622 1325 Aliae
651 1298 707 1324 ex
738 1290 1054 1340 coagmentato
1082 1281 1296 1324 cellulari
1319 1290 1468 1331 textu,

165 1342 285 1381 vasis
340 1342 593 1397 interjectis
612 1375 624 1394 ‚
678 1351 1021 1400 componuntur
1049 1375 1062 1394 ,
1113 1350 1161 1384 et
1215 1341 1467 1399 expellenti

166 1399 335 1441 ostiolo
371 1411 556 1445 carent.
610 1402 875 1447 Vasculares
918 1402 1161 1459 glandulas
1215 1402 1471 1460 appellavit

165 1460 427 1514 Mirbelius,
460 1470 505 1504 et
535 1472 820 1506 secernentes
853 1472 1033 1505 tantum
1065 1479 1159 1506 esse
1191 1463 1430 1521 perhibuit
1457 1479 1468 1512 3

167 1528 216 1561 at
247 1523 424 1577 primus
458 1522 703 1580 descripsit
734 1523 1006 1565 Hamelius·.

225 1579 269 1635 §.
303 1583 402 1637 247.
453 1580 630 1624 Ostiola
662 1581 992 1640 glandularum
1024 1583 1368 1623 excernentium
1392 1595 1468 1622 va-

171 1641 295 1680 riant
342 1639 491 1682 forma
521 1674 531 1683 .
577 1642 715 1684 Nunc
762 1641 1103 1700 simplicissima
1149 1650 1256 1683 sunt
1279 1674 1290 1693 ,
1348 1657 1472 1683 nunc

169 1699 413 1756 squamula
453 1710 610 1743 centro
654 1710 843 1760 pertusa
889 1705 1166 1744 muniuntur
1193 1735 1204 1752 ‚
1231 1716 1353 1743 nunc
1384 1701 1471 1758 pili

166 1760 302 1801 modo
333 1768 468 1803 extus
499 1761 628 1803 hiant
652 1795 662 1804 .
696 1762 951 1820 Squamula
1006 1761 1089 1803 illa
1120 1777 1227 1804 cum
1285 1760 1470 1804 furfure

164 1820 459 1876 epidermidiS
492 1822 741 1864 secedentis
773 1838 863 1864 non
913 1820 1266 1873 confundenda,
1318 1837 1468 1878 neque

165 1894 273 1920 cum
301 1878 476 1923 filicum
506 1882 700 1924 indusiis
729 1914 740 1933 ‚
773 1882 913 1940 idque
938 1897 995 1924 ex
1030 1884 1267 1940 praesentia
1313 1882 1468 1924 ostioli

165 1940 380 1982 centralis
411 1943 458 1982 in
477 1944 640 2000 quavis
663 1942 784 2001 pelta
808 1942 944 1984 facile
978 1943 1214 1984 obtinetur
1240 1959 1251 1992 3
1285 1958 1378 2000 qua
1410 1942 1466 1983 de

166 2014 304 2042 causa
328 2004 434 2056 pori
464 2008 630 2045 scutati
654 2018 821 2045 nomen
846 2002 1113 2058 hujusmodi
1136 2000 1302 2044 ostiolo
1348 2002 1468 2044 fece—

169 2068 276 2101 runt
306 2065 551 2105 anatomici
575 2096 585 2106 .
617 2063 706 2105 Pili
737 2077 844 2105 vero
877 2066 1001 2105 intus
1035 2065 1166 2113 cavi,
1193 2063 1266 2104 vel
1288 2064 1346 2104 ab
1372 2066 1466 2104 imo

168 2120 224 2161 ad
257 2135 486 2165 summum
530 2139 652 2181 aeque
703 2133 860 2166 tenues
887 2156 898 2174 ‚
931 2122 1005 2165 vel
1038 2124 1135 2165 basi
1181 2126 1425 2164 crassiores
1455 2155 1467 2173 ‚

167 2179 241 2222 vel
266 2182 414 2224 media
446 2187 515 2226 sui
542 2192 669 2242 parte
701 2183 918 2227 folliculo
949 2180 1076 2225 affixi
1096 2216 1107 2234 ‚
1156 2197 1264 2241 saepe
1305 2185 1363 2225 ab
1397 2200 1472 2225 ex-

167 2239 324 2283 halato
356 2242 548 2287 humore
572 2247 701 2302 apice
733 2245 902 2287 roscidi
930 2276 940 2286 .
974 2243 1192 2286 Omnium
1215 2246 1472 2301 singulares

169 2301 254 2360 pili
295 2302 480 2357 Urticae‚
507 2305 797 2365 aliarumque
826 2304 1114 2365 plantarum,
1143 2308 1223 2365 qui
1260 2313 1471 2351 acumine
