1669 2563
1377 154 1428 196 71

218 261 314 294 tum
359 249 482 293 foliis
524 247 787 304 compositis
830 246 1004 286 ratione
1049 242 1208 286 hahita
1251 244 1494 302 aclypetio-

216 312 313 354 luln
346 323 627 353 communem
653 339 661 347 .

424 427 618 484 Eruptio
641 457 652 476 ,
684 431 728 466 et
751 422 968 482 perfectio
998 435 1278 480 gemmarum.

274 551 320 606 §.
352 549 451 604 237.
483 546 603 589 Cum
633 543 745 588 folia
797 557 958 592 omne,
1004 541 1130 601 quod
1179 539 1367 589 valent,
1415 554 1500 579 au-

220 617 451 668 gmentum
483 606 648 664 adepta
679 611 804 655 sunt,
838 618 1015 660 gemma
1046 604 1249 659 erumpit
1268 603 1315 640 in
1339 613 1501 639 eorum

218 668 400 711 axillis.
433 667 534 709 Haec
558 664 785 724 paulatim
815 671 940 704 aetate
972 664 1216 719 turgescit,
1250 657 1500 718 perficitur,

221 738 281 779 et,
315 728 587 769 adventante
619 726 799 781 hyeme,
825 725 1037 781 quiescit.
1063 723 1198 763 Forte
1230 729 1396 762 natura
1428 718 1502 758 hic

222 789 312 831 loci
344 801 541 845 gemmas
571 788 754 844 posuit,
788 786 898 841 quia
928 784 1073 838 major
1103 783 1171 824 ibi
1197 779 1388 839 perfecti
1417 777 1506 818 hu-

222 849 362 891 moris
394 862 419 890 a
451 846 564 889 folio
595 845 818 888 elaborati
851 843 1084 892 circulus3
1118 842 1219 882 ideo
1247 840 1360 882 folia
1390 853 1508 895 gem-

222 924 316 950 mas
346 914 635 965 erumpentes
679 905 803 948 alere
847 904 1096 946 videntur.
1139 901 1337 954 Quidam
1377 899 1510 940 dixe-

224 977 333 1010 runt
364 977 411 1010 et
454 982 697 1026 generare,
730 964 856 1023 quod.
901 962 1156 1006 absurdum
1182 994 1195 1013 ,
1225 976 1334 1002 cum
1377 960 1509 1000 initio

226 1028 395 1070 folium
430 1031 583 1085 ipsum
613 1026 803 1068 latuerit
833 1027 879 1065 in
908 1038 1115 1082 gemma.

287 1089 331 1144 ᾗ.
367 1090 466 1130 238.
500 1087 562 1129 Ut
591 1101 698 1129 vero
730 1084 1018 1127 necessitudo
1050 1085 1168 1124 inter
1206 1094 1432 1138 gemmas,
1465 1084 1512 1118 et

229 1147 342 1190 folia
372 1151 516 1205 magis
541 1149 777 1204 magisque
800 1145 1045 1194 elucescat,
1078 1143 1320 1184 observare
1351 1141 1480 1195 juvat
1499 1169 1509 1187 ,

232 1223 512 1265 gemmarum
566 1222 776 1264 squamas
838 1213 936 1246 tum
986 1206 1085 1261 ipsa
1133 1209 1366 1243 structura
1410 1197 1513 1238 folii

232 1268 406 1326 pollere
429 1300 439 1317 ‚
475 1275 573 1308 tum
604 1269 650 1307 in
681 1265 793 1307 folia
835 1279 944 1321 saepe
990 1265 1148 1312 abire,
1195 1274 1481 1317 gemmasque
1501 1290 1513 1307 ‚

233 1330 315 1370 ubi
346 1336 471 1369 aetate
503 1326 817 1374 adoleverint,
851 1325 962 1365 adeo
992 1325 1043 1364 in
1075 1320 1352 1379 quibusdam
1386 1317 1514 1375 plan-

234 1390 292 1429 tis
324 1387 443 1428 mole
492 1388 686 1444 augeri,
721 1394 773 1425 ut
798 1383 1028 1424 circulum
1062 1382 1267 1422 humoris
1298 1382 1416 1419 inter
1450 1393 1518 1417 ra-

234 1462 360 1488 mum
380 1479 391 1497 ‚
424 1454 468 1487 et
498 1445 663 1488 folium
689 1444 982 1500 intercipiant
1006 1475 1016 1492 ,
1049 1450 1094 1482 et
1132 1441 1368 1481 morientis
1416 1437 1518 1478 folii

237 1521 374 1547 causa
405 1503 543 1556 fiant3
578 1519 670 1561 quo
701 1506 748 1544 in
779 1517 886 1543 casu
918 1501 1084 1543 folium
1105 1532 1117 1550 ‚
1149 1498 1275 1555 quod
1320 1501 1460 1539 vitam
1493 1512 1520 1537 a.

236 1581 412 1624 gemma
443 1565 610 1608 hahuit
634 1597 645 1615 ,
675 1571 869 1605 mortem
901 1576 1031 1604 suam
1056 1563 1104 1601 in
1134 1572 1312 1616 gemma
1349 1557 1522 1615 reperi-

238 1642 285 1668 re
318 1625 505 1668 videtur
527 1658 542 1669 .

360 1746 559 1789 Foliatio
579 1779 590 1789 .
623 1741 832 1788 Evolutio
856 1775 867 1795 ,
897 1750 943 1785 et
972 1742 1129 1800 lapsas
1155 1737 1374 1796 soliorum
1397 1769 1407 1780 .

303 1866 347 1922 ξ.
381 1869 480 1924 239.
514 1865 744 1917 Foliatio,
777 1873 831 1907 ut
863 1863 1031 1904 Linnaei
1076 1859 1231 1906 verbis
1273 1869 1379 1903 utar
1404 1891 1414 1909 ‚
1461 1864 1528 1898 est

245 1942 298 1968 ea
329 1927 624 1984 complicatio
649 1960 659 1978 ‚
692 1942 830 1984 quam
864 1924 978 1966 folia
995 1930 1191 1967 „servant
1216 1956 1229 1975 ‚
1268 1923 1377 1964 dum
1410 1922 1530 1959 intra

246 2002 469 2043 gemmam
489 2021 499 2039 ‚
533 1995 614 2029 aut
643 2000 888 2045 asparagos
921 1983 1184 2042 plantarum
1229 1982 1399 2031 latent,
1434 1993 1531 2036 quae

247 2048 435 2104 quidem
489 2057 590 2091 ante
637 2047 870 2089 Linnaeum
913 2047 1095 2102 ignota.
1140 2043 1272 2094 Haec,
1316 2057 1421 2084 cum
1473 2039 1531 2079 ab

251 2122 342 2149 una
379 2107 435 2148 ad
481 2108 618 2150 aliam
663 2107 925 2166 plantarum
971 2106 1167 2161 speciem
1213 2106 1392 2147 diversa
1439 2101 1530 2148 sit,

255 2166 355 2208 ideo
386 2169 686 2227 distinguitur
718 2171 766 2210 in
796 2168 1025 2225 opposite,
1059 2164 1132 2205 vel
1165 2167 1332 2209 alterne
1364 2160 1535 2202 involu-

258 2236 349 2269 tam
372 2260 381 2275 ‚
411 2236 492 2269 aut
524 2231 762 2272 revolutam
782 2260 799 2281 ,
829 2230 878 2269 in
923 2225 1205 2280 obvolutam,
1235 2228 1282 2267 in
1326 2221 1536 2265 convoln-

259 2296 350 2330 tam
371 2320 382 2340 ‚
423 2289 472 2330 in
518 2289 790 2333 imbricatam
815 2322 826 2342 ‚
854 2293 902 2333 in
947 2288 1216 2345 equitantem
1260 2285 1497 2339 ancipitem
1525 2312 1538 2330 ,
