1669 2563
1308 99 1381 142 191

220 198 440 255 Imperoc‘a
464 228 476 247 ,
507 209 603 254 quae
632 199 834 236 arctatur
858 221 870 241 ,
902 189 975 232 vel
1005 203 1281 247 quocunque
1312 198 1447 248 pacffo

160 257 395 300 clauditur
424 289 434 300 .
467 255 580 296 Hinc

219 318 387 360 Ciliata
412 349 424 368 ‚
454 316 608 358 villosa
634 343 644 361 ,
674 308 859 352 barbata
885 340 896 359 ,
937 306 1011 350 vel
1042 322 1068 348 a
1098 306 1204 364 pilis
1251 309 1409 365 paucis
1431 341 1443 359 ‚

160 380 389 435 uniusque
420 375 590 416 ordinis
614 403 626 422 ‚
657 369 732 414 vel
757 385 784 411 a
814 366 922 427 pilis
951 368 1147 424 copiosis
1166 399 1177 417 ‚
1210 375 1292 408 aut
1323 370 1449 425 peni-

160 437 333 478 cillatis
369 466 379 476 .

219 493 515 552 Squamulosa
542 523 552 542 ‚
587 490 763 531 radiata
790 520 800 538 ‚
825 488 1079 544 prominens
1102 517 1113 536 ,
1147 484 1263 527 idest
1293 483 1452 528 clausa

162 557 360 614 squamis
380 585 391 603 ‚
425 550 563 593 radiis
585 582 596 602 ‚
629 549 944 607 prominentiis
968 579 979 588 .

222 613 502 662 Lamellosa,
534 618 748 652 coronata
775 640 786 659 ‚
819 622 916 666 quae
962 604 1278 649 circumdatur
1317 618 1451 646 corc-

160 689 218 715 na
249 671 399 715 soluta
428 673 477 716 in
509 677 737 729 segmenta
765 667 917 713 lacera
940 698 951 709 .

159 733 349 777 Limhus
374 740 441 774 est

218 792 404 834 Erectus
430 824 442 844 ,
491 798 684 849 patens,
726 787 911 845 reflexus
934 818 946 838 ,
992 785 1215 828 revolutus
1257 799 1284 826 a
1330 783 1454 826 dire·-

160 854 338 895 cfione.

220 911 427 967 Integer,
459 909 531 953 vel
562 918 765 952 crenatus
784 941 795 960 ,
834 909 1041 950 dentatus
1061 937 1076 959 ,
1120 904 1295 947 lobatas
1318 936 1329 955 ‚
1365 903 1454 959 fis·-

161 985 236 1013 sus
255 1004 265 1023 ,
293 974 492 1028 partitus
522 985 548 1013 a
579 970 799 1011 divisione
826 1001 836 1010 .
868 969 1124 1009 Divisiones
1169 973 1321 1006 autem
1366 979 1455 1005 nu·-

160 1039 395 1075 merantur
436 1038 574 1088 prout
608 1033 655 1072 in
683 1028 870 1084 calyce,
901 1035 947 1069 et
977 1025 1125 1070 formae
1156 1023 1454 1074 laciniarum,

162 1099 588 1148 segmentorumque
620 1090 977 1132 determinantur
1008 1085 1164 1128 eodem
1195 1091 1328 1143 pacto
1351 1117 1363 1136 ,
1401 1098 1453 1125 ac

161 1148 312 1192 formae
350 1149 524 1206 ealycis
549 1181 559 1191 .

221 1210 429 1255 Plio-atus
451 1225 478 1252 a
509 1208 643 1268 plicis
671 1204 1088 1267 longitudinalibus
1134 1201 1308 1247 flabelli
1354 1217 1454 1247 mo·-

163 1270 222 1313 do
249 1302 260 1312 .

221 1328 413 1387 Oblique
441 1337 583 1372 sectus
612 1343 639 1370 a
668 1326 848 1370 laciniis
890 1322 1255 1369 horizontalibus
1272 1355 1286 1376 ,
1333 1321 1456 1365 obli-

165 1404 269 1447 quis
292 1421 305 1431 .

228 1449 390 1490 Tortas
412 1481 423 1500 ,
454 1456 679 1490 contortus
709 1462 736 1489 a
766 1445 966 1495 laciniis,
999 1458 1096 1501 quae
1130 1441 1413 1487 clauduntur
1441 1474 1452 1492 ,

164 1515 210 1550 et
238 1516 598 1566 contorquentur
628 1509 750 1548 circa
773 1521 904 1547 axem
932 1503 1054 1545 floris
1079 1511 1192 1548 stato
1226 1510 1455 1559 tempore,

164 1575 211 1609 et
259 1568 382 1610 horis
401 1601 412 1620 ,
462 1567 536 1610 vel
587 1566 727 1626 paulo
777 1574 908 1616 ante,
953 1579 1094 1623 quarn
1146 1561 1228 1605 flos
1278 1577 1456 1604 marce-

165 1635 263 1670 scat
287 1659 297 1669 .

164 1685 352 1731 Corolla
377 1684 664 1746 monopetala
693 1683 961 1743 irregularis
991 1691 1057 1726 est

229 1747 526 1798 Unilabiata‚
569 1762 675 1788 cum
731 1746 903 1788 limbus
945 1741 1128 1801 corollae
1180 1740 1454 1800 producitur

164 1822 192 1851 a
220 1806 353 1849 fauce
383 1808 484 1850 tubi
513 1805 696 1857 inflata,
728 1815 775 1849 et
827 1805 1101 1863 expanditur
1153 1810 1331 1844 tantum
1383 1803 1456 1843 in-

166 1866 290 1909 ferne
315 1899 326 1918 ‚
352 1875 488 1926 atque
518 1869 582 1910 ita
631 1866 767 1909 efficit
797 1866 843 1907 id
873 1898 884 1916 ‚
916 1864 1040 1922 quod
1090 1862 1253 1904 labium
1286 1869 1416 1903 sonat
1443 1894 1454 1904 .

166 1926 357 1984 Propria
405 1928 707 1986 quarumdam
739 1925 1002 1985 plantarum
1048 1922 1204 1966 classis
1239 1922 1457 1979 Didyna-

168 2000 291 2029 mzoe.

228 2045 461 2090 Bilabiata
486 2079 496 2099 ,
525 2062 631 2089 cum
661 2046 834 2090 limbus
865 2044 1086 2088 dividitur
1116 2045 1164 2087 in
1195 2042 1309 2084 duas
1355 2056 1457 2098 par-

169 2113 236 2148 tes
259 2138 270 2157 ,
301 2121 496 2165 quarum
524 2107 669 2151 altera
699 2108 905 2165 superior
937 2113 1004 2148 est
1030 2136 1042 2156 ,
1074 2111 1121 2146 et
1170 2103 1340 2145 dicitur
1384 2103 1456 2142 la·-

170 2165 288 2208 bium
326 2171 525 2223 superius
547 2199 558 2218 ‚
603 2166 747 2210 altera
790 2165 978 2207 inferior
1004 2197 1015 2216 ‚
1053 2172 1099 2206 et
1135 2163 1298 2206 labium
1342 2161 1456 2218 infe-

173 2228 263 2268 rius
293 2228 432 2269 sistit.
453 2227 652 2269 Pertinet
675 2227 732 2269 ad
763 2226 953 2269 classem
990 2224 1308 2283 Didytzamiam
1345 2235 1453 2264 cum

173 2287 321 2331 tribus
352 2288 644 2345 sequentibus
671 2285 858 2330 corollis
883 2318 893 2330 .
