1669 2563
191 191 245 242 24

132 294 374 338 funiculus
408 295 548 355 paulo
588 297 778 339 crassior
829 297 1191 354 integumentum
1245 298 1425 340 seminis

131 356 364 414 perforat,
401 358 570 398 dicitur
596 357 800 397 clzalaza.
828 356 981 413 Siquis
1011 364 1164 398 autem
1181 356 1384 414 postulet
1411 390 1422 407 ,

134 431 335 473 quaenam
368 417 504 472 hujus
536 416 780 474 peculiaris
812 415 992 458 fabricae
1023 418 1140 457 ratio
1193 418 1288 458 sit?
1336 416 1426 457 Re-

132 476 455 532 spondebimus
476 510 486 527 ,
518 477 564 518 id
597 478 818 518 sententia
848 485 1001 517 nostra
1034 476 1228 532 pendere
1261 492 1316 518 ex
1360 476 1427 517 di-

131 550 261 577 verso
293 539 506 593 germinis
537 539 584 578 In
614 536 805 578 diversis
837 536 1086 578 seminibus
1139 538 1229 578 situ
1249 569 1260 587 ,
1312 535 1427 577 adeo

132 603 186 636 ut
216 599 520 652 generationis
549 630 558 646 ,
593 605 636 637 et
666 598 931 638 nutritionis
960 598 1171 641 materies
1201 597 1355 655 aptius
1379 598 1427 637 in

131 670 314 714 germen
347 659 408 698 sic
442 657 654 698 deveniat
677 690 687 699 .

329 775 456 819 Situs
508 777 714 818 radiculae
760 777 913 833 quoad
944 776 1229 833 plantulam.

193 895 238 950 ξ.
273 910 343 951 90.
378 896 504 938 Situs
536 894 749 939 radiculae
790 895 974 938 duobus
1015 897 1303 952 potissimum
1331 910 1431 937 mo·-

135 955 204 996 dis
235 958 382 997 variat
412 959 458 997 in
490 958 689 1013 germine
708 990 717 998 .
751 956 870 997 Nam
901 954 973 996 vel
1005 955 1220 1012 plumula
1244 987 1256 1006 ,
1279 964 1324 998 et
1355 971 1430 997 ra·-

135 1015 293 1055 dicula
326 1024 430 1057 sunt
461 1019 508 1057 in
539 1016 695 1057 eodem
730 1031 814 1057 axe
838 1048 849 1066 ,
883 1015 1010 1072 quod
1042 1018 1089 1056 in
1121 1014 1291 1072 plantis
1322 1031 1430 1073 per-

135 1075 296 1117 multis
322 1108 332 1126 ,
366 1084 411 1117 et
441 1079 664 1133 praecipue
696 1078 742 1116 in
773 1075 999 1117 exorhizis
1049 1077 1273 1132 contingit
1297 1107 1310 1126 ,
1355 1073 1431 1118 vel

135 1143 293 1175 contra
314 1167 324 1185 ,
358 1143 410 1176 ut
442 1138 488 1176 in
519 1136 775 1177 endorhizis
807 1134 1084 1192 quibusdam
1129 1135 1429 1186 observatur,

134 1197 183 1234 in
208 1196 425 1252 quibus&
404 1194 632 1236 cremmula
663 1194 756 1236 fere
800 1194 857 1235 ad
890 1194 1271 1252 perpendiculum
1321 1210 1432 1237 con-

134 1256 335 1294 nectitur
367 1269 473 1295 cum
504 1254 776 1310 cotyledone
798 1252 944 1296 infero
969 1286 981 1305 ‚
1014 1269 1254 1312 crassoque
1281 1287 1293 1306 ‚
1338 1269 1432 1313 qua

134 1314 190 1355 de
221 1329 358 1356 causa
390 1313 598 1356 1adicula
626 1312 677 1355 fit
707 1313 939 1356 lateralis.

304 1439 535 1478 structura
568 1435 773 1491 germinis
805 1442 910 1475 ante
943 1433 1230 1476 evolutionem
1252 1464 1263 1475 .

195 1553 239 1608 §.
272 1568 323 1610 91
360 1552 605 1594 Structura
635 1553 851 1610 germinis
871 1559 972 1594 ante
995 1550 1303 1594 evolutionem
1328 1553 1435 1594 sim-

136 1613 245 1671 plex
272 1646 281 1655 .
317 1612 588 1670 Superficies
611 1614 708 1667 ejus
730 1612 843 1654 levis
867 1629 878 1663 ;
904 1614 1027 1653 intus
1050 1613 1305 1654 substantia
1328 1615 1434 1654 uni-

135 1673 313 1723 formis,
341 1672 680 1729 quodammodo
711 1675 875 1724 vitrea,
908 1671 1025 1714 nihil
1052 1674 1254 1730 organici
1274 1672 1433 1716 hacte-

132 1749 219 1775 nus
242 1732 529 1790 praeseferens
546 1765 556 1774 .

446 1851 569 1910 Quot
589 1854 785 1908 germina
817 1854 935 1895 intra
962 1854 1137 1895 semen?

196 1974 241 2030 ᾗ.
274 1987 344 2030 92.
378 1971 524 2014 Sicuti
556 1974 602 2013 in
628 1971 897 2015 animalium
921 1986 1005 2015 ovo
1032 1987 1215 2030 germen
1235 1971 1435 2030 plerum-

137 2049 227 2091 que
260 2033 516 2075 solitarium
540 2065 552 2084 ,
584 2035 648 2074 ita
680 2040 725 2074 et
755 2035 802 2074 in
833 2033 1094 2091 plantarum
1119 2035 1283 2075 semine
1308 2066 1317 2075 .
1344 2034 1435 2075 Lu-

138 2095 207 2135 dit
238 2102 386 2135 tamen
418 2095 464 2133 in
497 2102 693 2162 utroque
725 2102 888 2135 natura
912 2126 922 2144 ,
955 2108 1059 2134 nam
1090 2094 1198 2135 bina
1227 2097 1433 2151 germina

136 2156 375 2196 observata
405 2155 450 2194 in
483 2155 649 2195 semine
679 2153 894 2203 Evonwni
924 2157 1115 2210 europaei
1145 2187 1155 2204 ‚
1186 2128 1253 2195 ete
1284 2155 1431 2198 Pinus

138 2214 343 2265 Cembrae‚
378 2217 466 2255 tria
496 2216 543 2255 in
573 2213 694 2257 Citro
726 2215 947 2257 Amantio
977 2246 988 2264 ‚
1012 2213 1134 2256 Allio
1157 2213 1429 2272 fragrante,

137 2283 183 2317 et
220 2275 275 2319 V
261 2289 349 2317 isco
373 2274 502 2327 albo,
534 2274 670 2333 plura
699 2277 746 2316 in
775 2274 896 2318 Citro
932 2276 1205 2319 decumana.
