1669 2563
1304 157 1358 199 97

137 251 337 303 medicae,
370 252 458 293 nisi
479 256 525 291 et
555 245 749 304 reliquis
780 245 977 295 artibus,
995 247 1191 287 maxime
1217 245 1426 304 proficuae

134 312 398 355 ducuntur.
431 306 668 364 Quidquid
700 305 779 356 sit,
811 305 1044 347 distinctio
1076 308 1201 346 succi
1251 309 1426 363 proprii

133 374 186 414 in
231 371 431 414 lacteum
450 402 462 419 ,
494 376 540 409 et
593 363 972 415 terebinffiinum,
1026 378 1167 420 quam
1221 363 1426 407 Grewius

133 432 247 475 olim
298 429 513 477 dederat,
566 425 700 484 longe
752 423 1063 483 imperfectior
1094 423 1429 467 Thomsoniana

133 501 204 536 est
229 524 242 534 .

271 607 464 651 Reditus
494 605 611 649 succi
636 606 825 664 proprii.
844 603 1069 648 Circuitus
1098 601 1291 645 humoris

646 669 693 708 in
716 665 895 723 plantis
923 696 934 707 .

188 787 234 846 §.
268 785 370 831 306.
402 788 504 837 Jam
533 785 756 837 diximus,
792 799 982 828 succum
1026 784 1267 842 proprium
1311 782 1431 822 intra

136 855 279 890 totam
311 846 518 905 plantam
554 847 732 899 redire,
765 853 812 888 et
842 845 952 887 licet
981 860 1064 887 nos
1109 842 1280 893 lateat,
1335 856 1430 899 quo

127 917 262 966 paeto
292 922 400 950 vasa
443 909 631 965 propria
656 939 668 959 ,
706 921 804 964 quae
849 906 989 947 illum
1036 903 1290 954 revehunt,
1323 916 1430 942 cum

127 968 465 1013 adducentibus
486 969 606 1010 vasis
634 968 987 1017 communicent,
1014 973 1191 1006 certum
1222 970 1305 1014 est,
1338 962 1429 1003 haee

127 1028 186 1070 ad
216 1027 349 1070 flores
378 1028 486 1071 hinc
512 1028 771 1086 pertingere
794 1059 805 1080 ‚
831 1027 936 1067 inde
968 1025 1026 1068 ad
1079 1024 1284 1072 radice53
1316 1022 1431 1063 adeo

129 1097 184 1130 ut
203 1121 214 1139 ‚
261 1103 358 1146 quae
411 1087 603 1145 lympha
633 1103 662 1132 a
690 1087 841 1130 radice
874 1088 922 1127 in
953 1084 1132 1127 caulem
1153 1118 1164 1136 ‚
1217 1091 1265 1124 et
1316 1081 1431 1123 folia

128 1151 360 1205 pervenit,
394 1148 553 1189 eadem
578 1161 684 1188 mox
717 1149 878 1204 purior
931 1143 1054 1187 facta
1086 1160 1112 1186 a
1142 1142 1296 1193 foliis,
1328 1150 1373 1183 et
1403 1157 1430 1182 a

127 1207 261 1250 caule
281 1241 293 1259 ,
322 1214 589 1249 continuato
614 1209 745 1264 quasi
774 1204 952 1247 circulo
981 1237 991 1256 ,
1018 1204 1174 1246 redeat
1203 1203 1261 1244 ad
1315 1201 1433 1242 radi-

129 1283 227 1309 cem
251 1301 260 1310 .
295 1267 467 1310 Verum
494 1267 569 1308 hic
602 1268 725 1308 succi
754 1264 1026 1323 vegetabilis
1068 1265 1296 1307 circuitus
1325 1275 1431 1301 cum

128 1329 334 1369 circuitu
391 1328 626 1384 sanguinis
671 1325 1006 1382 comparandus
1043 1338 1135 1364 non
1176 1330 1271 1372 est,
1325 1336 1433 1361 cum

129 1387 300 1444 plantis
327 1385 510 1428 deficiat
533 1401 630 1436 cor,
674 1385 800 1442 quod
830 1383 977 1426 veluti
1002 1398 1025 1423 e
1056 1390 1213 1424 centro
1265 1380 1428 1438 impel-

129 1447 225 1497 lat,
259 1446 499 1503 desintque
529 1459 652 1495 vasa,
680 1459 777 1502 quae
808 1445 1119 1485 contractione
1169 1456 1250 1487 sua
1302 1440 1432 1482 cordi

129 1504 419 1564 opitulentur
443 1536 454 1546 .

187 1566 216 1624 ς
230 1597 240 1607 .
265 1567 367 1625 397,
389 1562 629 1606 Mirbelius
649 1561 767 1603 hanc
788 1563 1013 1603 circuitus
1031 1561 1225 1618 speciem
1242 1561 1288 1600 in
1305 1557 1431 1615 plan-

130 1628 188 1671 tis
216 1628 362 1667 inesse
392 1626 575 1665 omnino
601 1630 736 1680 negat
761 1654 773 1673 ‚
806 1630 851 1663 et
882 1629 1023 1663 totam
1068 1620 1123 1661 de
1169 1621 1430 1661 ascensione

128 1684 324 1743 lymphae
375 1684 632 1726 doctrinam
664 1699 691 1724 a
741 1683 873 1723 nobis
929 1680 1144 1722 traditam
1195 1679 1431 1721 sententiis

130 1749 225 1789 suis
255 1743 484 1788 infirmare
515 1751 735 1787 conatur.
770 1741 889 1783 Nam
916 1739 1168 1783 trachealia
1198 1753 1306 1780 vasa
1338 1752 1429 1779 non

127 1808 257 1858 aeri‘,
279 1805 358 1848 sed
391 1804 586 1862 lymphae
613 1817 795 1845 sursum
827 1801 1043 1843 ducendae
1094 1800 1319 1841 destinata
1339 1830 1350 1848 ‚
1383 1805 1429 1838 et

129 1881 318 1910 succum
341 1867 389 1906 in
409 1865 533 1906 latus
563 1863 802 1905 fundentia
833 1861 1048 1920 perhibet
1069 1893 1081 1912 ,
1133 1861 1214 1917 qui
1264 1872 1429 1899 succus

131 1927 366 1969 radiorum
394 1924 691 1967 cellularium
724 1938 809 1981 ope
855 1936 1001 1979 usque
1032 1920 1090 1962 ad
1143 1916 1428 1977 superficiem

131 1986 292 2045 plantae
345 1987 564 2044 pertingit
595 2018 605 2034 ,
639 1992 693 2025 ut
741 1984 858 2025 aeris
911 1989 1088 2024 attactu
1138 1982 1186 2021 in
1239 1993 1431 2020 succum

133 2049 371 2104 proprium
401 2053 723 2094 convertatur3
756 2058 954 2101 cumque
986 2044 1129 2083 totius
1169 2037 1334 2098 plantae
1361 2053 1432 2078 su-

133 2106 336 2164 perficies
367 2120 502 2147 succo
532 2105 643 2147 huic
674 2104 899 2163 gignendo
930 2104 1150 2144 inserviat
1172 2133 1184 2151 ‚
1218 2097 1349 2140 nulla
1373 2113 1429 2139 ex

135 2165 291 2207 altiori
323 2165 425 2207 loco
454 2165 696 2207 descensus
740 2167 840 2221 ejus
859 2164 1119 2211 necessitas,
1148 2159 1429 2215 nullumque

136 2229 261 2267 succi
291 2227 466 2282 proprii
498 2226 762 2267 descensum
794 2222 1002 2282 pericula
1025 2239 1051 2264 a
1077 2236 1122 2264 se
1146 2221 1356 2262 instituta
1372 2219 1429 2257 si-

135 2287 184 2328 bi
207 2284 579 2331 demonstravisse
610 2285 848 2327 contendit
866 2317 876 2328 .
901 2284 1048 2338 Quem
1088 2282 1207 2324 enim
1226 2287 1426 2321 tenacem

1245 2353 1269 2393 7
