1669 2563
1283 171 1363 214 119

125 251 368 306 generandi
400 252 518 294 acidi
549 252 779 293 carbonici
822 259 1017 309 potestas
1047 257 1181 298 etiam
1225 260 1429 304 interdiu

127 311 341 363 suadent,
373 312 573 369 aliquam
595 326 688 352 esse
719 313 764 352 in
785 308 894 353 flore
919 316 1011 354 vim
1029 345 1039 362 ‚
1063 329 1159 370 quae
1180 332 1282 360 aere
1314 336 1432 376 oxy-

126 373 258 426 genio
288 371 626 428 atmosphaerico
681 373 879 428 potitur,
913 380 958 413 et
987 373 1225 426 dissolvit,
1272 380 1333 420 ita
1378 389 1431 422 ut

125 429 294 472 caloris
333 431 431 485 ejus
484 431 693 471 materies
724 432 772 472 in
818 430 1077 474 libertatem
1132 436 1391 480 vindicetur
1416 473 1427 490 ,

128 497 172 530 et
200 491 350 546 ipsum
385 503 647 546 oxygenum
676 493 931 546 quantitate
956 491 1112 550 aliqua
1133 492 1354 552 defigatur
1385 500 1432 541 in

128 563 285 600 succo,
310 556 354 590 et
384 549 637 591 substantia
667 547 788 592 floris
809 583 818 592 .

511 667 689 713 Nectar
706 702 716 712 .
749 668 810 715 N
807 672 1014 714 ectarium
1027 705 1037 714 .

182 785 226 842 §.
259 786 359 829 368.
392 786 566 830 Humor
597 788 764 840 dulcis,
797 788 1040 850 lentusque
1076 794 1123 835 in
1152 794 1431 852 quibusdam

125 843 314 888 floribus
341 855 465 890 tanta
495 851 627 907 copia
648 849 912 893 elaboratur
940 885 951 903 ,
997 859 1052 893 ut
1098 856 1136 895 is
1182 871 1238 896 ex
1289 855 1434 896 abun-

126 905 280 948 dantia
313 922 410 958 sua,
462 908 534 950 vel
565 925 839 967 quacunque
882 911 972 954 alia
992 912 1047 954 de
1078 928 1213 957 causa
1249 931 1328 972 per
1352 931 1434 956 ex·-

125 975 361 1010 cernentes
379 969 656 1026 receptaculi
680 970 922 1027 glandulas
945 971 1223 1026 eliminetur,
1241 983 1286 1016 et
1306 974 1435 1016 colli-

130 1034 265 1083 gatur
282 1029 401 1068 intra
418 1026 548 1071 flores
570 1046 579 1078 ς
598 1045 733 1086 quem
748 1045 853 1072 cum
869 1035 1038 1074 insecta
1056 1049 1338 1092 summopere
1354 1050 1435 1076 ex-

128 1094 299 1142 petent,
324 1087 425 1129 ideo
448 1088 537 1130 haeo
561 1087 692 1131 flores
718 1091 895 1134 assidue
919 1093 1307 1136 circumvolitant.
1324 1095 1435 1136 Lin-

129 1160 248 1188 naeus
296 1146 536 1190 humorem
575 1148 698 1191 hunc
756 1159 989 1194 excretum
1035 1155 1093 1195 ob
1144 1154 1434 1196 dulcedinem

130 1207 231 1260 ejus
248 1216 410 1258 nectar,
429 1216 473 1250 et
489 1223 709 1266 organum
733 1225 976 1253 excernens
998 1217 1238 1255 nectarium
1263 1215 1320 1255 ab
1337 1214 1436 1255 offi-

128 1267 200 1306 cio
221 1277 588 1324 nuncupaverat.
616 1269 788 1311 Verum
822 1286 912 1312 non
942 1275 1046 1313 unis
1082 1275 1434 1316 excernentibus

131 1327 411 1383 receptaculi
434 1327 665 1385 glandulis
687 1330 733 1370 id
750 1332 949 1372 muneris
972 1333 1153 1383 tribuit,
1179 1334 1254 1376 sed
1297 1334 1435 1390 quid-

129 1385 244 1440 quid
269 1388 319 1427 in
348 1385 458 1428 flore
490 1388 674 1429 abludit
695 1404 720 1430 a
751 1389 937 1445 calyce,
971 1392 1168 1443 corolla,
1227 1396 1435 1435 stamini-

127 1444 233 1495 hus,
267 1454 312 1486 et
343 1446 522 1503 pistillo
562 1451 792 1489 communi
847 1450 1076 1492 vocabulo
1110 1454 1195 1494 sub
1241 1456 1436 1494 nectarii

129 1506 308 1546 nomine
335 1506 711 1563 comprehendit,
735 1511 780 1549 in
805 1524 897 1566 quo
931 1512 1186 1568 peragendo
1220 1528 1290 1554 res
1327 1529 1436 1556 sane

129 1563 457 1607 diversissimas
481 1569 784 1618 consociavit,
817 1576 862 1609 et
893 1571 957 1610 ita
992 1570 1323 1614 dlversissimas
1343 1605 1354 1622 ,
1382 1581 1436 1614 ut

129 1624 291 1666 eaedem
322 1640 365 1666 se
400 1641 444 1667 se
474 1628 814 1684 conspiciendas
861 1630 1088 1685 praebeant
1142 1633 1228 1673 sul)
1278 1631 1438 1675 formis

132 1692 249 1735 setae,
283 1685 459 1736 submi,
492 1686 661 1738 barbae,
690 1688 826 1738 radii,
860 1690 1066 1741 urceoli,
1102 1693 1222 1742 tubi,
1254 1707 1398 1733 cornu
1425 1726 1436 1744 ‚

130 1742 346 1797 calcaris,
371 1745 686 1798 infundibuli,
719 1748 993 1801 carunculae,
1030 1766 1241 1808 squamzffi
1270 1751 1397 1809 peltae
1424 1786 1435 1803 ‚

131 1803 285 1861 ligulae
304 1837 315 1856 ‚
350 1808 476 1863 pori,
524 1806 640 1848 sulci
661 1825 670 1858 3
695 1823 891 1865 cumque
916 1823 1067 1852 omnes
1092 1811 1312 1853 melleum
1338 1828 1438 1854 suc-

131 1878 236 1905 cum
270 1876 394 1907 certo
415 1869 587 1909 certius
620 1883 709 1909 non
741 1867 954 1911 fundant:
991 1871 1093 1913 ideo
1138 1887 1229 1913 non
1286 1887 1440 1914 omnes

133 1938 217 1979 pro
250 1928 453 1968 nectario
486 1926 731 1979 habendae,
765 1937 817 1970 ut
848 1930 1087 1982 Jussiaeus,
1120 1932 1435 1984 Adansonius‚

134 1992 180 2025 et
211 1984 509 2044 Sprengelius
539 1990 586 2028 in
612 1991 772 2046 primis
804 1991 1228 2033 animadverterunt
1247 2025 1256 2035 .
1461 2040 1467 2045 ‚

195 2043 239 2098 §.
272 2045 372 2102 369.
406 2048 500 2089 Hac
532 2048 588 2089 de
619 2063 756 2091 causa
806 2053 1044 2107 quaesitum
1089 2061 1158 2094 est
1194 2055 1441 2110 superiori-

136 2102 224 2143 hus
272 2104 465 2158 diebus,
497 2122 699 2164 quaenam
734 2125 839 2166 pars
893 2124 1053 2153 verum
1097 2118 1351 2154 n'ectasium
1386 2116 1441 2154 si-

139 2170 226 2202 stat
251 2165 297 2204 in
327 2163 452 2217 flore,
487 2176 532 2209 et
562 2170 793 2224 quomodo
825 2185 851 2211 a
883 2171 1074 2228 reliquis
1131 2175 1343 2231 partibus
1374 2174 1440 2214 di-

138 2225 391 2277 gnoscenda
412 2259 421 2268 .
454 2226 543 2268 Cui
568 2231 632 2269 rei
664 2230 836 2286 duplex
864 2235 1094 2290 responsio
1124 2234 1243 2285 data,
1276 2233 1380 2275 hinc
1412 2249 1438 2274 a

140 2281 418 2338 Desvauxio,
441 2287 545 2329 inde
576 2303 603 2330 a
635 2289 880 2334 Villemeto
899 2325 908 2334 .
