1669 2563
196 181 253 237 94

135 286 338 326 cavernis
369 283 460 327 alte
491 285 681 343 sepulti-s
703 319 713 337 ,
740 286 1087 344 tenebrosisque
1115 284 1280 343 plantae
1311 301 1433 343 quae-

137 345 241 385 dam
272 345 337 386 ibi
367 354 599 388 nascentes
624 379 635 397 ,
668 345 741 388 vel
774 345 888 387 illue
920 346 1077 387 delatae
1103 347 1432 388 observationi-

138 406 226 446 bus
249 404 577 461 Spallanzanii,
602 405 824 463 Seopolii,
847 414 892 447 et
921 406 1213 448 Humboldtii
1233 409 1392 447 vivant
1418 439 1430 458 ,

136 472 182 505 et
209 467 400 506 vireant.
422 465 762 508 Demonstravit
781 469 900 508 enim
922 467 1261 517 Sennebierius,
1281 481 1433 509 aerem

135 524 470 582 hydrogenium
496 558 507 576 ,
550 528 630 584 qui
652 526 836 583 quidem
886 528 1040 569 existit
1065 529 1111 567 in
1140 526 1434 584 atmosphaera

134 585 527 642 Frisbergensium
580 601 894 638 cavernarum,
939 595 1047 628 tunc
1093 602 1199 628 cum
1244 586 1434 629 offendit

136 644 315 701 plantas
340 648 386 687 in
411 646 610 688 tenebris
636 646 937 697 diversantes,
962 649 1063 688 vice
1088 646 1206 689 lucis
1231 662 1363 704 agere
1384 649 1432 689 in

137 719 399 762 oxygenum
426 708 547 748 aeris-
577 707 696 747 acidi
750 708 984 748 carbonici
1003 740 1014 758 ,
1046 707 1223 764 illoque
1255 708 1396 764 potiri
1420 739 1432 749 .

193 765 236 820 ᾗ.
273 779 372 823 299.
403 765 463 806 At
494 781 692 823 quonam
724 774 875 824 paeto,
909 769 1012 823 quis
1043 767 1181 818 dicet,
1214 770 1333 809 viret
1357 768 1435 822 ju-

134 825 236 865 nior
269 826 530 881 plantarum
562 825 799 878 medulla,
831 827 978 868 aliave
1010 829 1215 884 penitior-
1264 826 1431 884 plantae

135 899 239 940 pars
269 900 295 925 a
327 885 430 926 luce
462 885 570 926 solis
603 895 776 928 remota
799 920 810 937 ,
845 895 892 928 et
921 888 980 927 ab
1012 889 1133 927 omni
1165 890 1434 943 respiratio*

134 959 190 984 ne
220 944 487 1001 prohibita?
518 944 619 996 Quo
650 954 782 1001 paeto
808 944 1138 986 nonnullarum
1169 946 1434 1002 plantarum

134 1001 247 1044 folia
272 1005 357 1045 sub
388 1006 488 1060 ipso
520 1006 832 1060 respirationis
860 1019 995 1061 opere
1019 1004 1091 1045 vel
1120 1006 1332 1056 rubrum,
1359 1007 1436 1051 vel

134 1061 334 1114 luteum,
364 1063 438 1105 vel
468 1064 651 1120 nigrum
683 1063 884 1105 colorem
914 1064 1264 1120 adipiscuntur?
1298 1066 1436 1107 Seili-

133 1130 206 1164 cet
236 1125 480 1180 penitiores
511 1131 662 1179 partes
694 1138 848 1168 omnes
880 1128 1047 1174 aerem,
1082 1125 1163 1181 qui
1196 1125 1438 1167 tracheali-

133 1182 222 1223 bus
269 1185 390 1224 vasis
435 1182 701 1240 percolatur
721 1216 732 1234 ,
785 1198 1067 1241 succumque
1120 1185 1432 1242 vegetabilem

133 1244 377 1299 excipiunt
404 1275 415 1293 ,
468 1250 515 1283 et
566 1245 716 1284 virent
758 1276 769 1294 ,
825 1258 878 1285 eo
937 1244 1063 1301 quod
1125 1260 1182 1286 ex
1232 1244 1318 1286 hac
1364 1260 1443 1286 re·-

134 1316 238 1342 rum
269 1303 491 1352 mixtura,
524 1301 780 1359 opitulante
811 1304 1077 1361 hydrogeno
1106 1337 1126 1363 ,b
1140 1304 1300 1346 aliisve
1328 1320 1437 1346 suc-

132 1363 177 1401 ci
224 1361 496 1419 vegetabilis
549 1364 789 1420 principiis
831 1364 1088 1419 chymicis,
1122 1367 1286 1422 purius
1329 1380 1435 1407 car-

131 1421 327 1467 bonium
355 1424 402 1463 in
434 1421 555 1464 hisce
588 1425 798 1480 partibus
829 1425 1063 1466 subsidet.
1096 1425 1277 1467 Coloris
1306 1439 1434 1477 vero,

132 1496 226 1538 quo
245 1481 468 1523 nonnulla
491 1481 606 1523 folia
627 1483 805 1525 diverso
828 1493 962 1541 pacto
995 1488 1266 1542 pinguntur,
1295 1500 1433 1526 causa

133 1543 305 1583 eaeteris
324 1556 508 1598 quoque
540 1542 805 1598 plantarum
856 1543 1092 1585 elementis
1148 1547 1264 1585 inest
1284 1576 1296 1595 ,
1329 1560 1428 1602 quae

134 1608 244 1642 tunc
265 1603 392 1642 varia
424 1603 717 1658 proportione
751 1605 1073 1645 consociantur
1097 1636 1107 1645 .
1140 1603 1237 1645 Imo
1269 1619 1325 1645 ex
1349 1605 1433 1646 hac

133 1661 290 1702 eadem
321 1676 459 1702 causa
487 1660 688 1703 colorem
719 1661 882 1714 aliu-m,
913 1679 1050 1721 quem
1081 1663 1193 1705 folia
1213 1667 1260 1705 in
1287 1667 1428 1717 senio,

133 1729 314 1821 etfiante
344 1729 537 1763 mortem
568 1722 909 1780 adipiscuntur,
930 1723 1157 1782 proficisci
1188 1740 1320 1766 nemo
1345 1726 1434 1768 ibit

133 1795 183 1821 rn
216 1796 330 1823 clas.

268 1900 345 1943 An
375 1911 418 1944 et
447 1903 573 1946 cal‘or
611 1907 725 1947 inter
747 1907 1051 1963 respirandum
1081 1915 1302 1964 augeatur

635 1969 682 2006 in
703 1968 884 2023 plantis
905 1962 932 2008 .7

192 2082 237 2138 §.
268 2085 369 2126 300.
403 2084 540 2127 Nunc
572 2086 627 2127 de
658 2087 804 2144 gradu
828 2087 1011 2138 caloris,
1043 2090 1125 2145 qui
1169 2089 1217 2129 in
1248 2086 1432 2144 planta-

133 2157 234 2185 rum
266 2147 565 2202 respiratione
597 2147 825 2189 evolvitur
845 2181 854 2190 .
887 2148 977 2189 Aer
1009 2149 1169 2190 acidus
1216 2149 1431 2190 carboni-

130 2217 212 2244 cus
239 2236 250 2254 ,
283 2207 362 2261 qui
392 2214 535 2247 noctu
565 2205 631 2258 fit,
665 2215 764 2249 tum
796 2223 852 2249 ex
899 2208 1088 2263 ehymiae
1138 2208 1320 2266 legibus
1351 2227 1429 2253 no-

128 2262 200 2304 bis
229 2264 321 2318 jam
350 2268 560 2323 cognitis,
616 2268 729 2324 quid
760 2268 874 2325 quid
926 2268 1008 2310 alii
1055 2271 1103 2310 in
1146 2271 1430 2314 contrarium

131 2323 267 2365 modo
287 2326 501 2379 sentiant,
523 2334 623 2369 tum
643 2343 700 2370 ex
724 2343 773 2371 re
793 2329 893 2387 ipsa
914 2343 1062 2388 pauco
1088 2331 1239 2373 utitur
1259 2328 1428 2375 calore.
