1669 2563
1346 123 1422 177 157

206 241 339 272 &5253
352 234 1476 270 ffifflffifflffiffifflfflffifflsafflffsfffflffiffifflffl

196 341 658 428 LIBER
715 336 1488 426 SECUNDUS

205 506 1480 542 ffiffiffiffiffiffiffiffifflfflffiffifflfflffffiffiffiffiffl

288 660 372 703 DE
402 657 965 704 DETERMINATIONE
995 658 1375 702 PLANTARUM
1394 692 1404 701 .

735 779 886 823 CAPUT
918 779 954 821 I.

536 914 814 942 msrmssn‘no
844 913 1094 941 GENEnAms
1125 933 1134 941 .

308 1078 510 1136 Systema
532 1079 823 1123 Linnaeanum
852 1111 862 1121 .
892 1079 1068 1121 Classes
1082 1079 1346 1137 plantarum
1369 1112 1378 1121 .

254 1259 297 1314 ξ.
338 1274 375 1301 1.
408 1218 703 1302 plantarum
734 1274 875 1317 genus
902 1266 993 1300 tam
1025 1261 1181 1316 ingens
1212 1267 1297 1310 est,
1332 1267 1385 1301 ut
1416 1262 1499 1319 qui

192 1320 238 1359 in
264 1319 467 1361 studium
515 1320 612 1375 ejus
643 1336 669 1361 a
726 1322 889 1361 renatis
936 1319 1104 1360 litteris
1153 1321 1500 1372 incubuerunt,

191 1382 283 1419 cito
315 1382 572 1435 qnaesierint
597 1413 607 1430 ,
642 1380 874 1437 quomodo
907 1387 1047 1419 totam
1080 1379 1195 1420 hanc
1227 1389 1404 1437 gentem
1432 1381 1498 1422 di-

192 1438 401 1479 viderent
433 1442 481 1479 in
511 1448 663 1496 partes
689 1471 701 1490 ,
734 1454 931 1496 quarum
963 1439 1142 1479 auxilio
1202 1440 1257 1481 de
1308 1441 1500 1498 singulis

192 1499 430 1554 speciebus
463 1498 647 1540 facilius
700 1507 1025 1556 cognoscerent
1053 1530 1061 1540 .
1085 1499 1180 1539 Hac
1198 1499 1253 1541 de
1287 1515 1334 1541 re
1360 1517 1385 1541 a
1411 1500 1500 1542 Cae-

190 1557 356 1615 salpini
389 1558 451 1599 ad·
476 1558 645 1600 Linnaei
680 1566 888 1616 tempora
914 1557 1070 1615 plures
1101 1559 1305 1600 methodi
1348 1562 1502 1602 inven-

191 1625 243 1658 tae
267 1651 278 1669 ‚
313 1633 427 1675 quae,
460 1633 565 1660 cum
598 1623 777 1676 organis
809 1617 1072 1676 plantarum
1102 1621 1252 1660 minus
1305 1635 1503 1661 necessa-

192 1680 272 1719 riis
303 1686 636 1735 superstructae,
665 1687 820 1736 postea
850 1681 1000 1720 minus
1032 1687 1142 1736 aptae
1175 1688 1358 1737 repertae
1391 1690 1497 1722 sunt

192 1738 249 1779 ad
280 1738 604 1796 amplexandas
638 1742 808 1796 species
841 1754 993 1780 omnes
1023 1771 1033 1790 ,
1067 1755 1165 1796 quae
1217 1738 1498 1798 detegeban—

192 1806 267 1839 tur
301 1801 346 1839 in
379 1799 489 1849 dies,
522 1807 568 1840 et
594 1798 847 1857 detegendae
884 1808 1152 1856 supererant
1171 1807 1189 1841 .’
1215 1799 1389 1842 Verum
1440 1818 1498 1842 ex

193 1873 284 1914 quo
316 1858 513 1901 Carolus
543 1875 569 1900 a
603 1859 745 1901 Linne
779 1862 1117 1917 generationem
1140 1875 1232 1902 esse
1264 1863 1311 1902 in
1366 1860 1500 1918 plan-

196 1920 256 1958 tis
309 1917 594 1961 confirmavit
632 1923 724 1962 sive
755 1919 1038 1961 manifestam
1066 1953 1077 1970 ,
1121 1923 1212 1963 sive
1244 1920 1459 1962 latentem
1488 1954 1499 1972 ‚

196 1981 413 2034 cognovit
445 1994 630 2036 quoque
663 2013 673 2031 ‚
706 1980 923 2037 genitalia
963 1995 1133 2038 organa
1177 1982 1363 2036 majoris
1406 1997 1503 2022 mo-

196 2039 337 2078 menti
367 2054 455 2097 prae
490 2039 679 2096 reliquis
714 2042 922 2082 omnibus
955 2057 1062 2091 esse,
1097 2049 1142 2082 et
1172 2057 1227 2082 ex
1255 2043 1311 2083 iis
1364 2051 1502 2096 syste-

198 2113 271 2138 ma
302 2097 717 2155 dispertiendarum
744 2100 1006 2157 plantarum
1053 2101 1275 2151 condidit,
1310 2111 1501 2158 systema

200 2158 378 2198 sex-nale
411 2159 599 2209 dictum,
625 2175 717 2217 quo
734 2160 851 2202 nihil
878 2160 1149 2218 simplicius,
1167 2161 1286 2202 nihil
1313 2161 1495 2211 utilius,

203 2216 323 2257 nihil
346 2217 667 2262 admirabilius
689 2236 782 2263 esse
798 2222 994 2279 quisque
1015 2220 1143 2265 facili
1166 2223 1351 2279 negotio
1373 2221 1500 2276 diju-

212 2277 332 2318 dicet
350 2310 359 2318 .
