1669 2563
1440 151 1493 192 61

251 262 424 304 futuris
449 294 460 311 ‚
488 268 533 302 et
564 257 773 315 proxime
803 254 1041 310 erupturis
1071 256 1260 309 gemmis
1291 288 1301 305 ‚
1336 262 1382 295 et
1414 253 1554 296 tenel-

254 323 310 364 lis
342 321 467 363 foliis
500 325 658 376 praesto
695 318 791 362 sit,
845 314 948 353 ideo
1004 312 1257 353 medullam
1308 314 1364 354 ad
1414 329 1553 356 novas

254 383 515 440 plantarum
562 383 712 434 partes
761 372 1029 414 nutriendas
1088 376 1273 412 omnino
1302 374 1519 415 inservire
1539 407 1549 424 ,

253 452 298 484 et
330 440 495 483 bulbos
516 469 526 487 ‚
559 451 700 492 caepas
720 467 731 484 ,
762 434 923 475 tubera
956 430 1070 473 nihil
1104 431 1232 472 aliud
1265 447 1358 472 esse
1378 465 1389 481 ‚
1414 448 1553 488 quam

259 499 630 560 parenchymatis
680 495 766 536 sub
796 502 914 535 terra
943 491 1126 534 latentis
1153 491 1459 549 receptacula,
1485 493 1555 533 fu-

255 563 370 602 turis
402 554 800 616 gemmisalendis
832 554 1056 595 destinata
1081 584 1092 593 .

310 620 353 675 ξ.
388 617 488 660 206.
520 617 672 669 Quare
707 623 870 655 natura
894 646 906 664 ,
939 628 1045 654 cum
1075 610 1399 667 cotyledones,
1427 619 1472 651 et
1492 610 1556 651 al-

253 682 423 722 bumen
454 679 642 735 gemmis
667 675 961 732 denegaverit
984 706 995 724 ,
1019 671 1274 713 medullam
1298 670 1448 713 voluit
1471 670 1554 711 hoc

252 755 439 780 munere
469 737 598 794 fungi
625 769 636 786 ‚
669 749 861 792 eamque
883 747 1168 791 gemmarum
1186 764 1197 781 ‚
1226 740 1272 773 et
1294 739 1556 772 tenerorum

254 799 548 841 surculorum
580 795 789 838 altricem
834 795 1077 836 constituit
1101 795 1147 833 in
1173 790 1435 849 plantarum
1459 799 1558 831 tan-

254 869 352 901 tuni
384 858 575 900 infantia
598 889 609 907 ,
642 864 783 914 prout
812 854 1143 910 cotyledonum
1175 860 1241 893 est
1265 884 1277 902 ,
1308 853 1390 908 qui
1416 884 1427 902 ‚
1449 866 1557 891 cum

253 922 509 978 germinans
543 916 753 975 plantula
798 916 974 957 radices
1005 916 1052 955 in
1093 921 1262 955 terram
1303 910 1552 960 defixerit,

255 990 308 1022 ut
337 980 605 1022 alimentum
637 977 726 1020 sibi
756 978 981 1034 quaeritet,
1006 973 1231 1032 paulatim
1256 981 1486 1022 arescunt,
1512 979 1557 1012 et

252 1044 485 1083 intereunt
508 1072 518 1082 .

311 1102 356 1157 §.
391 1115 490 1157 207.
524 1097 593 1140 Ex
625 1097 696 1139 his
726 1111 912 1154 quoque
944 1109 1122 1136 omnem
1149 1093 1374 1134 insitionis
1394 1091 1559 1133 doctri-

254 1178 357 1203 nam
375 1160 699 1216 intelligimus.
726 1157 827 1198 Nisi
849 1158 969 1197 enim
996 1153 1229 1203 surculus,
1251 1154 1333 1209 qui
1354 1154 1400 1192 111
1422 1152 1559 1192 aliam

253 1223 464 1263 arborem
500 1220 749 1267 inseritur,
781 1218 937 1272 junior
978 1218 1073 1264 sit,
1118 1222 1164 1254 et
1211 1211 1418 1254 medulla
1462 1213 1561 1268 ejus

258 1283 380 1323 succi
417 1279 582 1338 plena,
614 1278 842 1319 insitionis
874 1289 991 1333 opus
1024 1276 1209 1316 omnino
1243 1275 1395 1330 perit.

697 1396 897 1453 Propria
931 1395 1093 1437 radicis
1115 1424 1126 1436 .

313 1519 358 1574 ξ.
391 1519 492 1560 208.
524 1516 661 1559 Nunc
692 1523 823 1556 notas
854 1513 1112 1571 peculiares
1145 1511 1316 1553 radicis
1340 1541 1352 1560 ‚
1394 1517 1440 1551 et
1471 1509 1562 1551 dif-

256 1580 472 1622 ferentias
496 1610 507 1628 ,
554 1591 652 1634 quae
684 1577 802 1616 inter
834 1573 1014 1614 caulem
1039 1605 1049 1622 ‚
1082 1579 1128 1613 et
1183 1571 1386 1612 radicem
1433 1585 1563 1627 repe-

258 1643 441 1683 riuntur
472 1640 519 1678 in
549 1634 912 1691 dicotyledoneis
962 1632 1160 1691 plantis,
1212 1632 1341 1672 brevi
1373 1632 1565 1687 attinges

258 1717 360 1742 mus
383 1733 392 1742 .
424 1698 573 1740 Radix
606 1697 695 1738 haec
725 1695 914 1736 caudice
948 1707 1126 1735 ramoso
1153 1691 1428 1749 plerumque
1461 1706 1565 1747 prae-

258 1762 384 1811 dita,
418 1762 499 1817 qui
535 1758 713 1799 caudex
753 1770 859 1796 cum
902 1769 1098 1811 superne
1140 1753 1334 1794 crassior
1360 1783 1370 1801 ,
1404 1750 1567 1808 paula-

259 1825 341 1862 tim
364 1821 585 1862 decrescit
607 1851 619 1868 ‚
651 1817 795 1859 donec
828 1819 874 1856 111
898 1823 1147 1872 praetenues
1177 1812 1352 1853 desinat
1402 1810 1564 1853 fibras.

260 1883 388 1923 Alias
410 1895 520 1922 vero
569 1877 700 1920 radix
734 1884 816 1918 aut
861 1874 1146 1924 fusiformis,
1192 1880 1274 1915 aut
1314 1871 1531 1914 tuberosa
1556 1905 1566 1921 ‚

261 1941 445 1984 fibrillis
478 1939 751 1982 lateralibus
784 1938 943 1994 paucis
970 1968 980 1977 .

321 2003 366 2058 ᾗ.
401 2015 502 2058 209.
536 2000 862 2042 Sennebierius
894 2011 1001 2037 cum
1034 1997 1078 2036 in
1122 1994 1246 2035 hisce
1294 1991 1465 2050 plantis
1498 2007 1566 2033 ra-

263 2064 409 2105 dicem
440 2061 608 2103 viderit
641 2059 930 2115 frequentius
963 2070 1204 2104 ramosam,
1224 2057 1446 2095 rationem
1477 2052 1565 2093 ali-

265 2138 404 2180 quam
438 2123 555 2162 inter
589 2120 757 2161 radicis
779 2151 789 2169 ,
816 2126 862 2159 et
892 2116 1041 2158 caulis
1087 2129 1237 2157 ramos
1288 2113 1571 2154 intercedere

269 2183 484 2239 putavit,
517 2180 630 2222 adeo
662 2189 715 2221 ut
747 2181 992 2235 utriusque
1028 2178 1143 2218 rami
1191 2173 1352 2216 eodem
1406 2187 1573 2230 prope—

268 2242 452 2283 modum
483 2242 820 2283 distribuantur
850 2238 986 2280 modo
1010 2269 1020 2287 ,
1054 2250 1272 2293 ramoque
1304 2233 1468 2275 radicis
1498 2232 1572 2272 de-

271 2310 442 2343 structo
466 2333 478 2350 ‚
512 2316 665 2343 ramus
695 2299 843 2342 caulis
873 2315 929 2341 ex
978 2297 1138 2339 eodem
1187 2295 1328 2338 latere
1381 2299 1568 2350 pereat,
