1669 2563
1322 73 1402 102 201

246 176 480 218 Truncatae
501 206 512 225 ,
543 172 705 215 obtusae
733 202 743 220 ,
775 175 933 216 acutae,
971 164 1112 219 bifidae
1143 165 1272 221 apice
1297 196 1308 206 .

241 236 454 279 Bicornes
481 267 492 285 ,
525 232 834 290 quadricornes
858 257 868 275 ‚
901 225 1111 281 apicibus
1143 224 1349 274 duobus,
1405 220 1479 266 vel

182 305 381 356 quatuor
400 327 410 345 ,
440 305 661 335 cornuum
694 291 836 329 instar
866 283 1206 340 divergentibus
1232 315 1241 324 .

245 355 476 403 cristatae,
512 345 818 408 appendicula
850 341 1079 384 terminali
1111 340 1257 383 forma
1305 344 1448 383 cristae
1468 374 1478 382 .

242 412 616 471 Appendicalatae
645 406 820 449 inferne
850 403 998 445 cauda
1018 432 1029 453 ,
1052 408 1133 442 aut
1165 403 1315 443 aristis
1339 433 1348 442 .
1365 402 1480 445 Hinc

179 475 371 517 antherae
400 472 641 513 biaristatae
668 499 678 510 .

246 533 394 576 Unica
418 563 430 582 ,
483 531 578 572 duae
597 561 609 580 ‚
659 536 746 569 tres
765 557 776 576 ,
831 525 1026 581 quinque
1054 521 1102 562 in
1153 517 1334 578 singulo
1383 516 1482 561 fila-

179 600 331 635 mento
351 624 361 633 .

246 646 869 699 Uniloculares‚biloculares,
892 640 1236 684 multiloculares
1261 653 1287 681 a
1323 652 1482 680 nume-

179 724 234 753 ro
260 709 579 759 sacculorum,
616 709 707 749 sive
741 704 1004 747 loculorum
1024 733 1033 742 .
1065 701 1270 756 Quisque
1302 697 1484 739 loculus

177 770 350 812 dicitur
380 770 656 811 bilocellatas
678 799 689 818 ,
718 781 823 807 cum
856 762 1001 813 sulco,
1033 769 1078 802 et
1113 768 1238 816 septo
1271 758 1484 801 dirimen-

177 839 222 873 te
250 832 502 872 instructus
527 862 536 870 .
568 829 784 870 Praeterea
812 822 956 867 loculi
984 829 1090 863 sunt
1128 821 1363 875 contigui,
1405 816 1480 859 vel

174 890 329 934 ‘remota‘
375 905 402 932 a
465 888 648 931 defectu
667 921 678 939 ‚
724 885 797 928 vel
852 882 1193 941 interpositione
1253 880 1485 921 connecti-

176 964 222 993 v1
245 983 256 993 .

237 1009 436 1061 Erectae‚
469 1008 586 1051 idest
635 1021 731 1064 quae
775 1006 874 1048 basi
919 1008 1111 1058 angusta
1154 999 1323 1041 haerent
1357 999 1478 1055 apici

177 1069 419 1122 filamenti,
453 1077 498 1112 et
530 1065 930 1127 perpendiculares
974 1067 1241 1118 assurgunt.

238 1130 572 1180 Incumbentes,
604 1142 700 1185 quae
755 1127 874 1184 apici
924 1120 1142 1165 filamenti
1185 1127 1439 1164 transversa
1467 1149 1479 1168 ‚

118 1210 120 1213 ⁴
177 1189 252 1233 vel
284 1193 386 1233 sinu
417 1191 576 1232 baseos
612 1187 750 1229 affixae
769 1219 780 1228 .

247 1250 291 1294 V
287 1252 484 1293 ersatiles
509 1282 521 1301 ‚
554 1248 897 1296 incumbentes,
931 1250 975 1285 et
1020 1239 1155 1284 facile
1206 1240 1254 1285 in
1310 1252 1478 1297 gyrum

177 1311 404 1353 movendae
427 1344 437 1353 .

233 1370 429 1413 Admatae
454 1368 588 1411 lateri
619 1365 837 1409 filamenti
863 1370 959 1405 tota
989 1360 1276 1419 longitudine
1308 1372 1391 1406 sua
1419 1389 1429 1399 .

238 1429 449 1473 Introrsae
476 1461 488 1480 ,
519 1443 624 1470 cum
656 1427 952 1468 anthemi-um
1002 1430 1162 1463 sutura
1207 1420 1394 1478 respicit
1417 1416 1475 1459 ad

174 1489 404 1548 pistillum
432 1523 443 1541 ,
479 1491 570 1531 sive
601 1487 658 1529 ad
689 1494 899 1528 centrum
928 1481 1051 1524 floris
1078 1514 1088 1524 .

236 1549 462 1592 Eoetrorsoe
494 1582 505 1601 ,
532 1549 764 1590 contrariae
796 1545 1002 1587 introrsis
1026 1575 1037 1592 ,
1084 1540 1201 1582 idest
1242 1553 1348 1582 cum
1394 1552 1477 1581 an·-

175 1607 414 1651 therarum
446 1616 608 1651 sutura
639 1608 825 1665 respicit
876 1603 934 1646 ad
957 1600 1180 1646 corollam
1207 1629 1218 1647 ‚
1277 1601 1374 1641 sive-
1418 1597 1477 1639 ad

180 1669 600 1712 circumferentiam
632 1665 754 1709 floris
782 1700 791 1709 .

233 1729 448 1772 Connatae
473 1763 484 1782 ,
514 1729 799 1785 marginibus
831 1728 949 1766 inter
983 1738 1027 1765 se
1066 1736 1110 1763 se
1130 1754 1141 1772 ‚
1181 1717 1305 1777 quod
1357 1715 1477 1759 sole-

174 1804 275 1832 mne
304 1792 351 1831 in
377 1789 668 1846 synantherio
695 1821 704 1830 .
731 1789 811 1830 His
841 1785 1092 1833 contrariae,
1116 1795 1213 1838 quae
1244 1781 1476 1821 distinctos.

235 1850 500 1893 Articulatae
516 1883 525 1900 ‚
548 1865 653 1891 curn
688 1848 789 1890 loco
813 1880 824 1899 ‚
858 1861 948 1904 quo
971 1842 1160 1884 anthera
1180 1839 1475 1896 conjungitur

175 1924 282 1951 cum
315 1908 545 1953 filamento
570 1942 581 1961 ‚
614 1908 791 1966 aliquid
823 1915 890 1949 est
920 1940 930 1957 ,
960 1904 1085 1961 quod
1137 1901 1284 1944 veluti
1332 1901 1477 1941 inter-

177 1971 437 2030 ruptionem
461 2003 472 2022 ,
506 1970 607 2012 ideo
654 1967 904 2010 articulum
938 1964 1160 2007 ostendit.

235 2028 417 2072 Sessiles
446 2064 458 2082 ,
488 2045 583 2088 quae
614 2038 771 2071 carent
800 2027 1030 2070 filamento
1059 2057 1070 2067 .

237 2087 389 2132 Laeves
415 2123 426 2141 ‚
458 2090 590 2131 nullo
624 2089 752 2131 sulco
778 2092 824 2130 in
856 2084 1092 2145 superficie
1117 2117 1126 2126 .

239 2147 412 2192 Glabrae
430 2182 441 2200 ‚
465 2150 755 2252 {tabescentes
774 2183 784 2201 ,
820 2150 997 2198 villosae,
1028 2145 1223 2194 hirsutae,
1255 2139 1441 2197 hispidae
1461 2169 1474 2188 ‚

178 2208 354 2259 ciliane,
387 2208 465 2252 bar
493 2219 577 2253 atae
601 2241 613 2262 ,
643 2211 918 2267 glandulosae
941 2241 952 2252 .
