1669 2563
1249 137 1329 178 227

107 242 151 268 se
177 259 188 277 ,
221 234 294 277 et,
326 225 572 267 adhaesione
604 237 709 264 cum
741 224 949 279 partibus
997 228 1244 280 proximis,
1299 229 1389 268 sive

106 288 366 328 accessoriis
395 285 557 340 adepta
584 315 595 333 ‚
629 284 847 339 originem
894 283 1090 338 praebent
1137 289 1391 343 pericarpio

105 354 344 404 aggregato
367 376 378 394 ‚
411 344 543 398 cujus
574 349 809 398 sequentes
840 342 1061 383 habemus
1084 345 1238 386 modos
1257 378 1265 386 .

163 406 208 462 §.
239 405 309 448 66.
341 401 572 451 Strobilus,
604 400 768 450 (Jonas,
800 400 1017 442 Galbulus
1048 401 1263 444 Gaertneri
1289 419 1392 445 con-

105 472 196 506 stat
218 462 430 521 pluribus
473 461 670 502 bracteis
710 475 816 500 mox
863 460 1024 517 ligneis
1048 494 1058 510 ‚
1091 464 1211 503 circa
1260 479 1391 504 axem

104 536 386 565 communem
440 519 751 561 colunmarem
810 523 1059 562 successive
1114 522 1345 578 dispositis
1381 556 1390 572 ,

102 582 354 625 ferentibus
383 594 522 621 nuces
566 581 613 620 in
660 577 815 621 axillis
843 612 853 629 ,
893 580 965 622 vel
1010 581 1106 622 basi
1154 596 1263 631 sua,
1296 597 1393 637 quae

103 655 294 698 squamae
324 648 426 681 ante
457 640 765 681 maturitatem
797 647 902 680 sunt
950 648 1031 681 aut
1084 640 1216 697 peltis
1244 645 1393 682 termi-

100 700 283 742 nalibus
330 699 576 756 adpressae,
618 707 699 740 aut
746 714 1229 757 compresso-concavae
1264 733 1274 751 ,
1313 703 1394 741 im-

101 762 283 803 bricatae
307 792 318 810 ,
368 767 414 800 et
469 767 650 801 maturo
676 758 831 802 fructu
864 759 1077 801 laxantur
1101 792 1111 802 .
1158 760 1393 802 Strobilus

101 821 273 862 dicitur

154 878 464 921 Subrotundus
483 910 499 931 ,
530 887 685 921 ovatus
713 911 723 929 ‚
771 881 949 920 comicus
967 911 977 929 ‚
1033 880 1337 935 cylindrus-eus
1378 912 1389 930 ,

103 942 290 982 muticus
312 971 324 989 ‚
357 941 568 980 aristatas
590 971 600 988 ,
630 942 870 980 uncinatus
901 943 1093 995 squamis
1121 972 1130 981 .

159 999 209 1055 §.
240 998 312 1057 67.
344 997 532 1040 Sorosus
563 998 763 1041 Mirbelii
794 1001 997 1041 nascitur
1035 1015 1060 1040 a
1102 998 1394 1056 copulatifflie

102 1058 309 1117 plurium
349 1057 602 1116 druparum
647 1062 694 1100 in
743 1073 920 1109 unum,
965 1058 1177 1116 idemque
1225 1074 1392 1115 corpus

101 1117 411 1160 mamillosum
441 1150 453 1169 ‚
480 1133 577 1176 quae
608 1117 842 1175 copulatio
878 1119 1041 1176 pendet
1079 1121 1136 1161 ab
1183 1119 1393 1161 adhaesio-

102 1194 158 1220 ne
190 1179 528 1236 perigoniorum
558 1193 851 1220 carnosorum
874 1211 884 1221 .
912 1178 1115 1221 Vocatur

168 1241 353 1288 ovatus,
386 1237 597 1293 oblongus
618 1270 629 1289 ‚
653 1252 849 1279 comosus
868 1270 879 1288 ‚
913 1240 1056 1280 nudus
1089 1271 1098 1280 .

164 1297 209 1353 ξ.
242 1297 312 1340 68.
344 1296 529 1354 Calybc'o
561 1297 760 1339 Mirbelii
791 1296 840 1338 fit
869 1299 927 1340 ab
959 1298 1198 1340 involucro
1235 1312 1396 1339 mono-

103 1356 266 1414 phyllo
286 1389 297 1407 ‚
330 1358 531 1415 turgido,
563 1360 691 1415 apice
716 1358 916 1408 dentato,
934 1358 1089 1399 clauso
1116 1391 1126 1409 ‚
1159 1358 1396 1400 dehiscen-

104 1427 148 1459 te
180 1419 226 1458 in
255 1421 519 1459 maturitate
544 1415 722 1458 fructus
747 1449 759 1468 ,
792 1426 924 1459 extus
969 1418 1178 1460 echinato
1208 1450 1218 1468 ‚
1270 1418 1395 1475 quod

103 1479 306 1518 continet
350 1492 519 1534 paucas
562 1492 700 1518 nuces
751 1475 894 1518 fundo
933 1492 1014 1518 suo
1065 1477 1219 1519 affixas
1248 1510 1257 1518 .
1303 1477 1400 1519 Nos

103 1551 191 1577 non
224 1537 469 1593 recipimus
499 1535 716 1592 calybion
760 1535 853 1577 lato
908 1552 1039 1579 sensu
1095 1537 1395 1586 Mirbeliano,

102 1595 217 1637 adeo
253 1604 307 1636 ut
336 1596 638 1653 amplectatur
671 1599 807 1638 etiam
839 1595 1018 1639 fructus
1053 1596 1278 1654 simplices
1301 1629 1311 1638 .

163 1656 208 1711 ξ.
239 1655 310 1712 69.
341 1655 543 1712 Syconus
573 1656 775 1698 Mirbelii
808 1664 985 1697 constat
1010 1657 1249 1699 involucro
1281 1655 1400 1698 cala-

106 1715 173 1756 thi
203 1716 505 1773 monophyllo
533 1749 545 1766 ,
595 1725 812 1773 perpetue
856 1717 1050 1758 indiviso
1079 1750 1089 1766 ,
1141 1716 1257 1757 facie
1309 1731 1401 1758 una

102 1776 305 1833 undique
338 1784 456 1817 tecto
482 1775 668 1817 nuculis
685 1809 697 1826 ,
722 1785 804 1817 aut
829 1776 1088 1834 drupeohs,
1121 1785 1279 1833 estque

163 1835 337 1877 Planus
358 1867 376 1889 ,
422 1835 772 1893 hemisphoericus
795 1868 806 1887 ‚
855 1846 1021 1892 patens
1054 1868 1066 1887 ,
1112 1836 1361 1878 turbinatus
1392 1868 1404 1886 ,

106 1894 364 1950 sphaericus,
405 1899 496 1938 sive
530 1896 760 1952 globosus,
801 1897 1053 1954 depressus,
1094 1896 1399 1946 umbilicatus,

107 1969 312 1998 succosus
341 1988 353 2007 ,
385 1970 596 1999 exsuccus
619 1988 630 1998 .

177 2073 220 2117 V
217 2074 327 2118 alvae
350 2107 362 2126 ‚
393 2084 571 2129 sutum,
603 2076 913 2134 dissepimenta
954 2079 1340 2135 pericarpz'orum.

172 2193 217 2249 ᾗ.
251 2206 322 2249 70.
354 2192 504 2236 Valvae
528 2227 543 2248 ,
573 2197 666 2237 sive
697 2200 846 2252 partes
868 2229 878 2248 ‚
915 2199 961 2239 in
993 2212 1105 2254 quas
1151 2195 1402 2255 pericarpia

113 2270 167 2295 ex
194 2262 287 2296 toto
319 2253 586 2298 dividuntur
616 2287 627 2305 ‚
661 2257 839 2297 variant
