1669 2563
242 122 319 163 168

175 226 388 268 axillares
415 258 426 275 ‚
469 224 765 282 oppositifolii
792 257 804 276 ,
847 221 1102 281 laterifolii,
1154 222 1443 279 interfoliacei
1469 259 1480 277 ‚

175 287 520 343 superaxillares
551 318 563 336 ,
616 294 754 344 prout
801 284 975 326 dictum
1027 293 1094 326 est
1139 284 1193 326 de
1244 282 1434 327 floribus
1467 318 1477 328 .

173 345 337 399 Quoad
367 360 609 387 numerum
641 354 746 388 sunt
777 348 950 402 pariter
1005 345 1196 386 solitarii
1224 376 1234 394 ,
1282 348 1441 400 gemini
1470 378 1482 396 ‚

175 405 579 462 temi‚fasczculati
597 438 607 447 .
626 406 787 459 Quoad
813 404 1014 462 reliquas
1041 406 1344 462 proprietates
1373 419 1479 447 vero

174 466 402 507 habentur
437 465 669 521 filiformes
694 499 705 516 ,
742 466 1008 521 capillares‚
1042 473 1223 514 teretes,
1257 465 1479 520 angulati,

175 527 379 575 sulcati,
409 528 570 576 striati,
612 540 709 583 quae
755 523 984 567 vocabula
1032 523 1340 568 declaratione
1390 540 1482 567 non

172 594 333 644 egent3
369 594 578 642 praeterea
604 594 709 627 sunt

229 645 477 687 Incrassata·
503 679 514 696 ‚
547 646 747 695 clavati,
777 647 859 703 qui
905 641 1061 686 florem
1109 657 1265 686 versus
1313 642 1478 702 paula-

173 707 255 747 tim
288 705 406 747 mole
438 713 662 764 augentur
693 705 779 747 hoc
814 704 1045 747 interdum
1076 712 1210 762 pacto
1235 736 1246 755 ,
1272 711 1327 745 ut
1380 703 1477 746 cla-

171 780 274 807 vam
307 764 505 811 referant
532 797 541 806 .

238 825 405 865 Tubati
426 857 436 875 ,
461 825 665 878 fistulosi
683 855 694 873 ‚
726 825 809 880 qui
840 830 946 864 sunt
975 824 1101 864 intus
1129 823 1291 866 vacui.

230 883 489 936 Articulati,
516 885 597 940 qui
622 882 818 924 articulo
850 883 1144 925 instruuntur
1162 915 1172 924 .

229 943 420 990 Stricti,
462 945 662 998 adpressi
689 974 701 990 ‚
744 944 912 991 erecti,
961 943 1043 998 qui
1094 944 1472 999 approximantur

171 1003 333 1044 cauli.
372 1003 451 1044 His
491 1002 707 1043 contrarii
735 1008 946 1057 patentes
973 1032 983 1041 .

228 1062 428 1118 Reflecci,
474 1063 556 1119 qui
589 1069 759 1103 terram
789 1074 946 1102 versus
977 1067 1278 1101 recurvantur
1307 1091 1317 1100 .

231 1121 427 1171 Certim,
471 1122 552 1163 ubi
599 1122 726 1178 apice
757 1123 1056 1162 incurvantur
1108 1122 1157 1161 in
1205 1118 1327 1160 latus
1373 1133 1472 1161 cur-

171 1178 334 1223 vatura
366 1182 511 1240 rigida
535 1214 547 1232 ‚
578 1195 660 1223 nec
697 1179 849 1222 attolli
879 1186 1071 1238 possunt
1125 1180 1186 1222 ob
1215 1179 1330 1222 hanc
1361 1181 1472 1236 rigi-

171 1242 359 1283 ditatem
380 1274 389 1284 .

231 1301 463 1344 Nutantes
498 1334 510 1353 ‚
561 1301 645 1344 ubi
695 1302 823 1359 apice
869 1301 1169 1342 incurvantur
1223 1305 1472 1341 curvatura

169 1360 360 1403 flaccida
390 1395 398 1404 .

233 1422 435 1464 Flaccidi
460 1455 471 1472 ,
501 1436 606 1463 cum
635 1423 701 1462 ita
732 1418 905 1463 debiles
936 1426 1056 1470 sunt,
1088 1427 1142 1460 ut
1173 1421 1359 1477 proprio
1388 1416 1470 1460 flo-

171 1484 233 1524 ris
265 1482 463 1540 pondere
493 1482 801 1538 dependeant.

229 1542 431 1597 Spirales
453 1574 469 1594 ,
498 1543 579 1599 qui
610 1543 656 1582 in
693 1543 860 1600 spiram
889 1545 1250 1597 contorquentur
1279 1571 1289 1581 .

228 1601 470 1652 Flexuosi‚
501 1602 737 1651 undulati,
772 1601 853 1658 qui
884 1600 1060 1642 sinuosi
1099 1606 1206 1640 sunt
1230 1631 1239 1641 .

227 1661 365 1703 Leves
393 1695 403 1713 ,
440 1663 522 1719 qui
554 1659 789 1717 superficie
818 1659 1012 1717 aequales
1050 1692 1063 1711 ,
1129 1659 1248 1702 idest
1299 1656 1467 1710 sulcis,

171 1724 309 1771 striis,
340 1723 653 1778 prominentiis
681 1719 825 1762 nullis
842 1752 852 1762 .

230 1781 386 1822 Glahn·
415 1797 440 1822 a
479 1780 662 1823 defectu
713 1778 914 1837 pilorum
941 1810 952 1829 ‚
985 1785 1030 1820 et
1060 1779 1291 1821 scabritiei
1310 1811 1319 1820 .
1372 1779 1467 1819 Ho-

171 1855 275 1882 rum
306 1842 521 1883 contrarii
552 1848 660 1882 sunt
710 1840 884 1896 pilosi,
915 1846 962 1880 et
1002 1838 1145 1879 scabra·
1170 1871 1180 1880 .
1224 1838 1311 1881 Pili
1362 1853 1468 1879 cum

172 1901 352 1942 diverso
380 1909 532 1960 ,pacto
583 1908 827 1941 occurrant
865 1900 913 1939 in
955 1898 1228 1956 pedunculis
1255 1932 1266 1950 ,
1321 1906 1373 1939 ut
1420 1900 1467 1939 in

170 1960 362 2017 reliquis
391 1960 551 2019 plantae
581 1961 791 2018 partibus
809 1992 820 2011 ,
847 1959 951 2000 ideo
975 1958 1030 2000 de
1060 1958 1299 2000 vocabulis
1328 1973 1355 2000 a
1398 1960 1469 2015 pi-

167 2020 227 2062 lis
257 2019 473 2078 profectis
517 2021 704 2062 seorsim
735 2021 784 2060 in
827 2018 920 2061 alio
968 2017 1168 2060 articulo
1218 2027 1470 2077 pertracta-

170 2082 323 2123 bimus
349 2113 359 2122 .

229 2140 461 2182 Bracteati
480 2172 496 2192 ,
514 2139 704 2196 foliacei
730 2173 742 2190 ,
770 2141 851 2197 qui
881 2139 1081 2181 bracteis
1106 2172 1117 2190 ‚
1156 2138 1335 2181 foliisve
1388 2137 1471 2181 flo-

172 2199 349 2242 ralibus
382 2203 615 2242 instructi.
647 2201 727 2242 His
755 2201 983 2241 contrarii
1004 2206 1111 2241 sunt
1140 2201 1249 2241 nudi
1274 2232 1284 2241 .

229 2260 470 2319 Longiores
495 2294 505 2311 ‚
541 2261 749 2303 breviores
775 2293 787 2313 ,
839 2260 1031 2316 aeqzcales
1048 2258 1169 2316 folio
1193 2293 1204 2311 ‚
1259 2259 1331 2302 vel
1376 2274 1464 2318 pe-

173 2322 280 2363 tiolo
308 2354 316 2363 .
