1669 2563
1259 121 1343 163 209

185 219 512 266 Rostellatum‚
556 213 700 255 ferens
750 225 1007 268 processum
1054 214 1098 251 in
1150 219 1276 268 parte
1330 226 1411 251 sua

125 280 383 336 superiori,
409 278 488 334 qui
520 280 709 316 vocatur
741 271 962 312 rostellum
988 303 997 311 .
1031 270 1283 312 Rostellum
1326 271 1412 311 hoc

126 341 276 381 variat

185 397 467 439 Laminatum
486 426 497 444 ‚
530 393 621 434 sive
645 388 976 431 conformatum
998 390 1044 429 in
1072 387 1287 429 laminam
1310 403 1412 430 Ver-

126 458 303 500 ticalem
325 487 336 506 ‚
363 467 544 496 sursum
575 457 894 492 excurrentem
919 481 929 490 .

177 516 465 573 Api'culatam
493 527 520 553 a
551 509 795 553 tuberculo
839 506 1113 565 glanduloso
1138 539 1148 557 ‚
1184 509 1264 564 qui
1295 504 1412 545 facie

121 591 201 618 sua
237 575 460 631 superiori
486 603 497 622 ‚
548 569 622 612 vel
676 571 849 626 postica
899 567 1124 609 viscidum
1171 566 1411 607 humorem

119 637 340 684 secernit,
371 633 504 688 cujus
524 645 608 688 ope
639 644 788 671 massae
820 626 1055 685 pollineae‚
1106 626 1216 667 dum
1248 625 1410 667 anthe-

118 710 215 736 ram
246 692 512 749 relinquunt
536 722 548 740 ‚
580 690 688 731 huic
720 687 965 730 tuberculo
996 686 1223 727 adhaerent
1251 719 1260 728 .
1314 685 1410 726 Tu-

117 753 335 797 berculus
365 755 448 794 iste
479 767 505 793 a
534 749 765 791 Richardo
791 756 982 790 vocatur
1000 746 1232 803 proscolla
1258 778 1268 788 .

616 868 675 914 N
673 870 883 912 ectarium
901 900 911 909 .

175 991 220 1048 §.
251 995 325 1046 40.
356 991 424 1033 De
455 991 656 1032 nectario
678 990 864 1047 proprio
892 1001 1025 1029 sensu
1057 1000 1163 1026 cum
1188 984 1408 1041 loquutu-

114 1067 194 1094 rus
224 1054 308 1094 sim
331 1083 342 1101 ‚
376 1051 562 1108 perinde
593 1057 661 1092 est
684 1081 695 1100 ‚
728 1063 780 1090 ac
814 1050 849 1090 si
881 1048 935 1089 de
966 1045 1123 1088 formis
1149 1053 1407 1102 receptacu-

113 1112 148 1154 li
198 1111 413 1153 melleum
454 1110 681 1167 liquorem
724 1108 1005 1150 excernentis
1054 1106 1256 1163 loquar.
1308 1106 1404 1146 Hoc

114 1174 261 1230 igitur
292 1173 546 1212 nectarium
580 1170 751 1210 dicitur

171 1231 537 1288 Hypocarpicum
560 1262 571 1280 ,
618 1229 943 1285 pericarpicum
966 1260 976 1277 ‚
1028 1227 1328 1282 epicarpicum
1377 1240 1403 1266 a

113 1293 204 1334 situ
228 1324 239 1342 ‚
271 1290 396 1348 quod
427 1297 549 1331 tenet
580 1296 788 1345 respectu
821 1289 963 1329 ovarii
990 1319 1000 1328 .

170 1351 456 1393 Contractum
475 1382 485 1401 ,
518 1349 635 1390 idest
664 1355 946 1388 coarctatum
977 1347 1063 1387 sub
1097 1346 1252 1386 ovario
1272 1375 1282 1384 .

171 1410 472 1466 Marginarzs‚
499 1410 641 1451 basim
674 1409 816 1448 ovarii
849 1406 1093 1448 visibiliter
1124 1404 1357 1446 excedens.

170 1469 375 1512 Liberum
405 1477 500 1511 toto
531 1469 733 1524 margine
765 1482 846 1508 suo
878 1482 902 1507 a
934 1466 1158 1507 lateribus
1191 1465 1333 1504 ovarii
1354 1495 1363 1503 .

166 1529 406 1572 Adlzaerens
437 1531 591 1571 ovario
625 1537 720 1569 toto
768 1529 967 1584 margine
991 1558 1001 1576 ‚
1052 1525 1152 1566 ideo
1200 1525 1401 1580 pericar-

111 1605 266 1648 picum
290 1622 300 1632 .

106 1665 111 1670 ·
170 1647 542 1698 Semiadlzoerens‚
587 1648 788 1704 margine
833 1645 1040 1687 inferiori
1088 1643 1317 1685 adhaerens
1354 1656 1405 1682 o-

110 1713 238 1752 vario
258 1742 269 1761 ‚
300 1717 347 1750 at
380 1708 560 1765 reliquo
592 1710 794 1763 margine
825 1705 1042 1747 liberum.

167 1769 364 1812 Anulare
392 1801 403 1819 ,
460 1771 617 1810 sistens
678 1765 872 1808 anulum
920 1767 1042 1807 circa
1091 1765 1236 1806 basim
1289 1775 1398 1803 ova-

111 1831 168 1870 rii
195 1861 206 1871 .

168 1888 501 1945 Ampullaceam
527 1919 539 1938 ‚
569 1884 872 1942 sacculiforme
896 1918 906 1935 ,
940 1884 1275 1942 pericarpicum
1303 1914 1313 1932 ‚
1357 1888 1404 1922 at

112 1947 311 1990 liberum
338 1981 349 1999 ,
381 1950 610 2005 excipiens
639 1948 758 1988 intra
789 1962 834 1988 se
865 1947 1075 1987 ovarium
1107 1951 1211 1985 ante
1243 1941 1401 1984 evolu-

114 2011 284 2049 tionem
314 2009 412 2064 ejus
444 2007 718 2064 completam
744 2038 754 2048 .

128 2119 137 2128 ο
175 2067 408 2109 Gibbosum
431 2100 442 2118 ,
476 2070 761 2110 intumescens
790 2064 989 2107 adlatus
1020 2066 1140 2107 basis
1171 2064 1311 2104 ovarii
1330 2094 1340 2103 .

170 2127 454 2178 Rostratam,
488 2128 764 2185 productum
795 2141 817 2167 e
849 2126 946 2167 basi
998 2126 1140 2166 ovarii
1168 2124 1301 2165 rostri
1335 2123 1397 2162 in-

118 2194 209 2229 star
230 2220 239 2229 .

175 2247 513 2291 Denticulatum
532 2279 542 2297 ‚
577 2245 769 2289 lobatum
791 2279 801 2297 ‚
831 2247 1052 2288 sinuatum
1082 2244 1279 2299 margine
1301 2274 1307 2282 ,

1112 2306 1161 2355 14
