1669 2563
1320 153 1397 204 145

171 245 417 306 seligemus
466 264 517 290 ea
536 280 547 300 ,
580 261 676 306 quae
706 248 763 289 ad
793 257 1021 291 anatomes
1048 282 1059 300 ‚
1095 259 1139 291 et
1169 252 1462 313 physiologiae

168 305 292 364 leges
335 309 476 366 magis
507 315 612 365 apta
642 307 919 349 videbuntur
939 341 947 350 .

225 367 269 423 ᾗ.
302 370 401 422 431.
432 367 610 424 Organa
646 370 984 424 propagationis
1033 367 1294 425 plantarum
1348 388 1456 414 aco-

167 426 512 482 tyledonearum
542 440 663 467 nunc
696 427 925 477 solitaria,
957 442 1077 468 nnnc
1121 428 1257 485 plura
1300 445 1460 487 aggre-

167 496 274 543 gata
301 488 349 526 in
378 485 535 526 eodem
584 483 738 527 fulcro
764 519 774 536 ‚
827 502 1062 543 nunquam
1112 496 1261 530 tamen
1303 493 1458 547 quoad

166 543 387 603 gongylos
416 552 651 587 contentos
699 545 924 603 simplicia
949 579 958 589 .
1000 547 1098 588 Haeo
1137 549 1292 590 eadem
1340 553 1462 590 vari-

167 612 246 647 ant
275 602 449 645 sessilia
468 636 478 654 ,
533 603 607 646 vel
639 605 900 663 pedunculo
945 611 1172 649 communi
1203 641 1214 658 ‚
1267 609 1461 651 subinde

164 665 301 706 etiam
330 662 553 720 pedicello
585 667 770 722 proprio
814 665 1003 708 suffulta
1022 699 1031 708 .
1084 667 1299 709 Praeterea
1329 669 1403 710 vel
1435 685 1458 710 e

165 720 402 780 superficie
434 725 577 765 cosmi
609 727 879 782 prominent,
911 725 983 769 vel
1014 727 1134 768 intra
1165 742 1370 770 connum
1395 728 1460 771 la-

165 790 264 825 tent
287 814 297 824 .

280 901 589 946 Perichaetiam
618 936 627 945 .
663 903 997 960 Gymnocidium
1031 938 1040 947 .
1077 906 1304 964 Vagimcla
1325 939 1336 949 .

221 1021 267 1078 ς.
298 1022 399 1075 432.
424 1021 554 1064 Folia
573 1022 775 1079 quaedam
797 1026 963 1066 caeteris
987 1028 1128 1067 cormi
1152 1025 1275 1068 foliis
1295 1025 1388 1069 fere
1405 1029 1460 1069 si-

162 1083 291 1123 milia
318 1082 544 1123 interdum
563 1091 681 1123 stant
701 1086 822 1124 circa
846 1099 1013 1142 organa
1038 1088 1342 1143 generationis
1367 1089 1460 1129 sive

162 1139 367 1183 mascula
396 1174 407 1192 ‚
431 1143 521 1183 sive
554 1141 758 1184 foeminea
785 1144 1072 1186 bractearum
1094 1178 1104 1196 ,
1126 1146 1199 1187 vel
1243 1146 1460 1188 foliorum

162 1199 284 1242 floris
305 1216 427 1242 more
452 1234 460 1242 .
485 1202 581 1243 Haec
601 1204 898 1258 perichaetium
925 1209 1087 1246 sistunt
1110 1223 1120 1254 ;
1145 1209 1329 1262 propria
1351 1207 1458 1247 Ma-

160 1275 348 1302 scorum.
370 1260 659 1303 Pedunculns
689 1264 784 1304 basi
818 1278 897 1304 sua
929 1264 1159 1306 tuberculi
1190 1266 1322 1306 modo
1349 1268 1459 1308 sub-

162 1320 266 1362 inde
309 1324 541 1362 crassescit
567 1354 577 1371 ,
625 1323 747 1378 quod
795 1324 1088 1365 tuberculum
1141 1328 1462 1380 gymnocidimn

162 1388 327 1422 vocant
352 1412 363 1430 ‚
386 1379 465 1420 alii
487 1381 700 1422 dixerunt
723 1383 1039 1438 clynatztlzium,
1057 1393 1136 1424 aut
1153 1388 1425 1439 perocidimn
1445 1418 1456 1436 ,

164 1440 343 1482 Mascis
397 1439 628 1495 peculiare
663 1473 672 1481 .
725 1442 949 1496 Vaginzcla
988 1452 1054 1484 est
1104 1445 1418 1486 membranula
1446 1478 1457 1495 ‚

162 1515 258 1556 quae
291 1499 545 1540 circumdat
569 1501 712 1541 basim
739 1502 1014 1556 pedunculi3
1047 1502 1172 1544 adest
1204 1507 1250 1544 in
1281 1504 1458 1547 Musei-5

167 1574 290 1617 aeque
322 1574 372 1600 ae
396 1562 443 1601 in
467 1558 827 1617 szgermarmiis
846 1594 855 1602 .

675 1678 707 1720 Ι
707 1682 908 1723 ndusium
943 1712 953 1722 .

219 1797 263 1853 ἕ.
296 1799 397 1851 433.
428 1797 610 1856 Organa
641 1802 978 1857 propagationis
1010 1814 1119 1858 saepe
1163 1801 1458 1845 obducuntur

161 1857 400 1900 involucro
425 1891 435 1908 ,
460 1860 586 1915 quod
619 1861 837 1900 indusium
868 1870 1194 1917 nuncuparunt
1219 1895 1227 1904 .
1284 1863 1460 1904 Indusi-

163 1931 241 1958 um
270 1933 390 1959 nunc
420 1927 487 1960 est
518 1922 755 1977 proprium
782 1953 792 1971 ‚
828 1936 947 1961 nunc
979 1935 1218 1962 commune
1238 1955 1248 1973 ‚
1285 1938 1459 1980 semper

165 1991 272 2018 vero
303 1979 700 2020 membranaceum
729 2013 739 2030 ‚
794 1989 926 2021 tenue
955 2014 966 2031 ‚
1023 1981 1217 2038 fragile3
1265 1983 1461 2025 dehiscit

164 2037 290 2092 apice
311 2069 323 2087 ,
355 2046 435 2079 aut
465 2038 605 2081 latere
632 2072 642 2090 ,
675 2048 756 2081 aut
787 2043 908 2082 circa
938 2042 1111 2092 basim3
1146 2043 1338 2085 subinde
1387 2043 1462 2085 de-

165 2096 359 2136 ciduum
384 2129 394 2139 .

222 2154 266 2210 §.
298 2159 397 2210 434.
426 2156 662 2200 Indusium
683 2159 941 2202 ZWuscoram
962 2161 1058 2203 basi
1075 2164 1455 2213 circmnscissum,

164 2222 210 2255 et
241 2215 486 2258 deciduum
507 2250 517 2267 ,
548 2219 672 2274 quod
705 2221 952 2277 calyptrccm
992 2225 1178 2279 proprio
1229 2222 1457 2263 vocabulo

166 2274 402 2333 appellant
430 2309 440 2327 ,
473 2278 702 2336 Hedwigio
758 2283 906 2324 visum
937 2291 1003 2323 est
1056 2284 1187 2324 initio
1235 2281 1457 2324 coalitum

1170 2358 1218 2387 10
