1669 2563
230 122 308 163 172

218 211 458 254 Imbricata
489 246 500 263 ‚
529 226 634 254 611111
677 211 809 254 flores
837 246 847 263 ‚
881 210 953 254 vel
985 212 1167 270 spicnlae
1199 215 1284 256 sibi
1337 214 1450 255 invi-

160 289 257 315 cem
286 273 556 314 incumbunt
579 305 589 314 .

221 332 474 374 Articulata
492 365 503 383 ,
558 347 663 373 611111
714 332 860 373 rachis
916 331 1047 373 nodis
1092 334 1343 383 instructa,
1395 331 1453 373 ad

163 407 277 451 quos
308 391 443 435 facile
476 392 643 434 secedit·
666 425 675 433 .

223 451 451 503 Famem,
484 467 588 494 cum
618 450 749 493 flores
770 453 898 508 spicae
930 450 1054 494 foliis
1084 449 1324 494 floralibus
1348 457 1454 493 sunt

163 514 438 555 interstincti
466 544 480 554 .

220 572 406 614 Comosa
435 587 462 613 3
491 585 621 614 601113
651 569 908 612 terminali.

221 632 475 674 Glomerata
505 647 530 673 a
562 629 750 674 floribus
779 633 826 671 in
850 629 1070 687 glomeres
1091 663 1103 681 ‚
1134 638 1179 672 et
1218 646 1244 672 3
1287 628 1459 688 glome-

166 693 294 734 ribus
325 694 372 733 in
403 693 574 749 spicam
604 692 833 748 dispositis
857 723 867 731 .

226 751 458 801 Disticha,
479 753 671 792 secunda
689 783 699 801 ,
755 750 1033 792 zmilateralis
1063 751 1122 792 ab
1167 758 1333 792 exortu
1357 782 1369 801 ,
1415 756 1462 789 et

166 811 416 853 directione
446 808 611 851 florum
638 842 647 851 .

233 871 438 912 Linearis
463 903 473 920 ,
507 885 604 927 quae
635 869 784 910 tenuis
816 867 874 909 ab
906 871 996 909 imo
1026 868 1084 910 ad
1115 884 1343 910 summum
1368 901 1377 910 .

229 930 379 972 Ovata
404 961 416 980 ,
449 932 692 970 ventricosa
714 959 729 980 ,
771 928 1051 983 cylindracea
1075 959 1086 977 ,
1119 943 1266 969 crassa
1290 962 1301 978 ‚
1348 942 1466 970 com-

162 1005 339 1046 pressa,
372 988 624 1045 densiflora‚
657 987 866 1043 laxzflora
902 1001 928 1028 3
963 985 1123 1029 formis
1166 988 1279 1029 hene
1310 990 1468 1045 cogni-

168 1051 225 1091 tis
252 1082 263 1091 .

229 1108 504 1166 Interrupta‚
532 1123 638 1150 cum
673 1107 795 1164 spica
817 1108 1089 1163 caeteroquin
1118 1104 1355 1148 densissora
1378 1106 1469 1148 huc

169 1168 305 1220 illue,
338 1170 560 1226 praeeipue
591 1166 794 1217 inferne',
826 1168 1178 1224 interrumpitur
1208 1199 1217 1206 .

237 1229 514 1273 Verticillata
533 1261 544 1280 ‚
577 1243 683 1270 cum
712 1225 844 1268 flores
875 1241 1028 1268 omnes
1058 1225 1323 1269 verticillati
1342 1258 1352 1267 .

231 1288 429 1342 Ciliata,
460 1304 518 1331 ex
554 1290 659 1331 setis
692 1286 928 1346 parallelis
970 1303 1051 1346 per
1073 1286 1264 1345 longum
1288 1287 1474 1344 digestis

172 1352 220 1391 in
249 1347 439 1392 floribus
462 1382 472 1392 .

231 1409 449 1452 Mascula
475 1443 486 1461 ‚
498 1408 710 1466 foeminea
730 1440 741 1458 ‚
770 1407 1047 1465 andmgyna,
1084 1405 1462 1464 hermaphrodita,

175 1484 203 1510 3
233 1485 344 1511 sexu
376 1502 387 1521 ‚
423 1478 468 1511 et
499 1484 691 1512 sexuum
715 1469 934 1509 mixtione
963 1500 974 1510 .

176 1529 345 1570 Rachis
374 1538 441 1572 est

242 1589 424 1644 Tenuis,
473 1603 622 1631 crassa
649 1620 661 1639 ,
709 1596 818 1629 teres
840 1620 852 1638 ‚
902 1586 1121 1642 angulata
1149 1619 1160 1637 ‚
1189 1599 1437 1642 compressa
1467 1618 1478 1635 ,

179 1650 384 1705 simplex,
416 1664 607 1702 ramosa,
644 1649 903 1699 articulata,
934 1656 1151 1689 excavata
1172 1647 1230 1687 ad
1250 1648 1477 1703 excipien-

179 1709 258 1749 das
289 1709 488 1766 spiculas
511 1742 522 1752 .

237 1767 405 1810 Glabra
425 1803 436 1820 ‚
469 1768 659 1821 scabra,
704 1777 850 1810 setosa
876 1800 888 1819 ,
922 1767 1075 1824 pilosa
1097 1799 1109 1819 ,
1152 1782 1180 1808 3
1216 1767 1321 1809 setis
1351 1800 1363 1818 ‚
1406 1763 1478 1808 vel

179 1827 286 1886 pilis
313 1861 325 1879 ‚
374 1830 543 1887 quibus
574 1835 715 1871 scatet
740 1861 750 1870 .

701 1946 934 1990 Amentum
960 1979 972 1990 .

242 2067 287 2123 ς.
319 2069 389 2114 23,
421 2067 653 2110 Amentum
684 2100 695 2118 ,
724 2067 861 2117 sulus
889 2075 958 2109 est
994 2069 1119 2124 spica
1172 2065 1455 2108 unisexualis
1474 2099 1485 2116 ‚

184 2125 374 2169 floribus
420 2128 641 2186 apetalis,
673 2128 844 2180 nudis,
888 2137 970 2170 aut
1012 2126 1202 2187 singulis
1249 2126 1489 2170 bracteolae

184 2187 381 2230 foliaceae
411 2189 682 2231 haerentibus
708 2222 717 2232 .
752 2189 994 2231 Amentum
1022 2198 1091 2231 est

200 2246 444 2350 lSimplex
471 2282 482 2301 ,
515 2249 588 2292 vel
643 2263 857 2294 ramosum
903 2252 962 2294 ab
1005 2266 1091 2293 axe
1141 2247 1375 2308 simplici,
1416 2246 1489 2291 vel

186 2324 203 2349 ε
220 2322 334 2350 lviso
356 2342 366 2351 .
