<?xml version="1.0" encoding="UTF-8"?>
<!DOCTYPE html PUBLIC "-//W3C//DTD XHTML 1.0 Transitional//EN"
    "http://www.w3.org/TR/xhtml1/DTD/xhtml1-transitional.dtd">
<html xmlns="http://www.w3.org/1999/xhtml" xml:lang="en" lang="en">
 <head>
  <title>
</title>
<meta http-equiv="Content-Type" content="text/html;charset=utf-8" />
  <meta name='ocr-system' content='tesseract 3.04.00' />
  <meta name='ocr-capabilities' content='ocr_page ocr_carea ocr_par ocr_line ocrx_word'/>
</head>
<body>
  <div class='ocr_page' id='page_1' title='image "antoniibertoloni00bert_0135.png"; bbox 0 0 1669 2563; ppageno 0'>
   <div class='ocr_carea' id='block_1_1' title="bbox 200 122 211 137">
    <p class='ocr_par' dir='ltr' id='par_1_1' title="bbox 200 122 211 137">
     <span class='ocr_line' id='line_1_1' title="bbox 200 122 211 137; baseline 0 0"><span class='ocrx_word' id='word_1_1' title='bbox 200 122 211 137; x_wconf 72' lang='lat' dir='ltr'><em>l</em></span> 
     </span>
    </p>
   </div>
   <div class='ocr_carea' id='block_1_2' title="bbox 1332 144 1409 186">
    <p class='ocr_par' dir='ltr' id='par_1_2' title="bbox 1332 144 1409 186">
     <span class='ocr_line' id='line_1_2' title="bbox 1332 144 1409 186; baseline 0.013 -2"><span class='ocrx_word' id='word_1_2' title='bbox 1332 144 1409 186; x_wconf 83' lang='lat'>123</span> 
     </span>
    </p>
   </div>
   <div class='ocr_carea' id='block_1_3' title="bbox 163 241 1478 2280">
    <p class='ocr_par' dir='ltr' id='par_1_3' title="bbox 168 241 1478 1424">
     <span class='ocr_line' id='line_1_3' title="bbox 175 241 1474 306; baseline -0.001 -17"><span class='ocrx_word' id='word_1_3' title='bbox 175 246 332 306; x_wconf 87' lang='lat' dir='ltr'>plures</span> <span class='ocrx_word' id='word_1_4' title='bbox 359 252 505 290; x_wconf 82' lang='lat' dir='ltr'>essent</span> <span class='ocrx_word' id='word_1_5' title='bbox 527 275 545 298; x_wconf 89' lang='lat'>,</span> <span class='ocrx_word' id='word_1_6' title='bbox 579 259 634 284; x_wconf 86' lang='lat' dir='ltr'>ne</span> <span class='ocrx_word' id='word_1_7' title='bbox 685 254 839 283; x_wconf 89' lang='lat' dir='ltr'>omnes</span> <span class='ocrx_word' id='word_1_8' title='bbox 889 241 1062 293; x_wconf 88' lang='lat' dir='ltr'>simul,</span> <span class='ocrx_word' id='word_1_9' title='bbox 1097 245 1172 286; x_wconf 89' lang='lat' dir='ltr'>sed</span> <span class='ocrx_word' id='word_1_10' title='bbox 1223 245 1320 288; x_wconf 83' lang='lat' dir='ltr'>aliae</span> <span class='ocrx_word' id='word_1_11' title='bbox 1369 254 1474 304; x_wconf 88' lang='lat' dir='ltr'>post</span> 
     </span>
     <span class='ocr_line' id='line_1_4' title="bbox 172 304 1470 363; baseline -0.002 -13"><span class='ocrx_word' id='word_1_12' title='bbox 172 308 287 350; x_wconf 86' lang='lat' dir='ltr'>alias</span> <span class='ocrx_word' id='word_1_13' title='bbox 331 309 716 350; x_wconf 80' lang='lat' dir='ltr'>maturescerent,</span> <span class='ocrx_word' id='word_1_14' title='bbox 761 307 806 340; x_wconf 89' lang='lat' dir='ltr'>et</span> <span class='ocrx_word' id='word_1_15' title='bbox 849 304 1105 357; x_wconf 81' lang='lat' dir='ltr'>genituram</span> <span class='ocrx_word' id='word_1_16' title='bbox 1158 318 1285 346; x_wconf 87' lang='lat' dir='ltr'>suam</span> <span class='ocrx_word' id='word_1_17' title='bbox 1334 320 1470 363; x_wconf 88' lang='lat' dir='ltr'>super</span> 
     </span>
     <span class='ocr_line' id='line_1_5' title="bbox 173 359 1472 416; baseline -0.003 -6"><span class='ocrx_word' id='word_1_18' title='bbox 173 375 462 410; x_wconf 83' lang='lat' dir='ltr'>cunctantem</span> <span class='ocrx_word' id='word_1_19' title='bbox 483 363 708 405; x_wconf 86' lang='lat' dir='ltr'>foeminam</span> <span class='ocrx_word' id='word_1_20' title='bbox 730 359 1060 416; x_wconf 82' lang='lat' dir='ltr'>propellerent3</span> <span class='ocrx_word' id='word_1_21' title='bbox 1082 363 1313 405; x_wconf 83' lang='lat' dir='ltr'>interdum</span> <span class='ocrx_word' id='word_1_22' title='bbox 1335 369 1472 407; x_wconf 87' lang='lat' dir='ltr'>etiam</span> 
     </span>
     <span class='ocr_line' id='line_1_6' title="bbox 173 419 1473 485; baseline -0.004 -15"><span class='ocrx_word' id='word_1_23' title='bbox 173 425 434 485; x_wconf 84' lang='lat' dir='ltr'>spectaculo</span> <span class='ocrx_word' id='word_1_24' title='bbox 465 437 570 464; x_wconf 89' lang='lat' dir='ltr'>vere</span> <span class='ocrx_word' id='word_1_25' title='bbox 591 419 796 461; x_wconf 87' lang='lat' dir='ltr'>mirando</span> <span class='ocrx_word' id='word_1_26' title='bbox 817 422 1069 471; x_wconf 87' lang='lat' dir='ltr'>constituit,</span> <span class='ocrx_word' id='word_1_27' title='bbox 1098 428 1152 461; x_wconf 89' lang='lat' dir='ltr'>ut</span> <span class='ocrx_word' id='word_1_28' title='bbox 1178 425 1473 480; x_wconf 85' lang='lat' dir='ltr'>unumquod-</span> 
     </span>
     <span class='ocr_line' id='line_1_7' title="bbox 173 479 1472 545; baseline -0.005 -16"><span class='ocrx_word' id='word_1_29' title='bbox 173 503 266 545; x_wconf 83' lang='lat' dir='ltr'>que</span> <span class='ocrx_word' id='word_1_30' title='bbox 298 492 468 526; x_wconf 84' lang='lat' dir='ltr'>stamen</span> <span class='ocrx_word' id='word_1_31' title='bbox 523 479 789 537; x_wconf 78' lang='lat' dir='ltr'>singillatim</span> <span class='ocrx_word' id='word_1_32' title='bbox 819 481 1057 522; x_wconf 83' lang='lat' dir='ltr'>accederet</span> <span class='ocrx_word' id='word_1_33' title='bbox 1098 479 1155 522; x_wconf 88' lang='lat' dir='ltr'>ad</span> <span class='ocrx_word' id='word_1_34' title='bbox 1208 479 1434 524; x_wconf 79' lang='lat' dir='ltr'>foeminam</span> <span class='ocrx_word' id='word_1_35' title='bbox 1460 516 1472 534; x_wconf 93' lang='lat'>,</span> 
     </span>
     <span class='ocr_line' id='line_1_8' title="bbox 173 539 1476 599; baseline -0.003 -12"><span class='ocrx_word' id='word_1_36' title='bbox 173 554 222 588; x_wconf 88' lang='lat' dir='ltr'>et</span> <span class='ocrx_word' id='word_1_37' title='bbox 247 577 259 596; x_wconf 88' lang='lat'>,</span> <span class='ocrx_word' id='word_1_38' title='bbox 292 542 495 599; x_wconf 82' lang='lat' dir='ltr'>jaculata</span> <span class='ocrx_word' id='word_1_39' title='bbox 534 542 744 598; x_wconf 80' lang='lat' dir='ltr'>genitura</span> <span class='ocrx_word' id='word_1_40' title='bbox 768 571 779 590; x_wconf 83' lang='lat'>,</span> <span class='ocrx_word' id='word_1_41' title='bbox 836 540 1069 582; x_wconf 85' lang='lat' dir='ltr'>recederet</span> <span class='ocrx_word' id='word_1_42' title='bbox 1092 572 1101 582; x_wconf 89' lang='lat'><strong>.</strong></span> <span class='ocrx_word' id='word_1_43' title='bbox 1148 539 1397 598; x_wconf 86' lang='lat' dir='ltr'>Quidquod</span> <span class='ocrx_word' id='word_1_44' title='bbox 1430 552 1476 583; x_wconf 89' lang='lat' dir='ltr'>et</span> 
     </span>
     <span class='ocr_line' id='line_1_9' title="bbox 175 599 1477 656; baseline -0.002 -10"><span class='ocrx_word' id='word_1_45' title='bbox 175 611 416 647; x_wconf 86' lang='lat' dir='ltr'>ventorum</span> <span class='ocrx_word' id='word_1_46' title='bbox 448 599 635 642; x_wconf 85' lang='lat' dir='ltr'>flatibus</span> <span class='ocrx_word' id='word_1_47' title='bbox 668 613 750 640; x_wconf 83' lang='lat' dir='ltr'>usa</span> <span class='ocrx_word' id='word_1_48' title='bbox 781 606 850 640; x_wconf 82' lang='lat' dir='ltr'>est</span> <span class='ocrx_word' id='word_1_49' title='bbox 873 632 884 650; x_wconf 90' lang='lat'>,</span> <span class='ocrx_word' id='word_1_50' title='bbox 918 609 971 641; x_wconf 87' lang='lat' dir='ltr'>ut</span> <span class='ocrx_word' id='word_1_51' title='bbox 1002 600 1263 656; x_wconf 59' lang='lat' dir='ltr'>cliclynium,</span> <span class='ocrx_word' id='word_1_52' title='bbox 1297 610 1342 643; x_wconf 91' lang='lat' dir='ltr'>et</span> <span class='ocrx_word' id='word_1_53' title='bbox 1384 601 1477 643; x_wconf 87' lang='lat' dir='ltr'>dis-</span> 
     </span>
     <span class='ocr_line' id='line_1_10' title="bbox 173 659 1475 718; baseline -0.002 -13"><span class='ocrx_word' id='word_1_54' title='bbox 173 666 367 706; x_wconf 79' lang='lat' dir='ltr'>sitorum</span> <span class='ocrx_word' id='word_1_55' title='bbox 399 659 563 702; x_wconf 89' lang='lat' dir='ltr'>florum</span> <span class='ocrx_word' id='word_1_56' title='bbox 595 661 931 717; x_wconf 78' lang='lat' dir='ltr'>generationem</span> <span class='ocrx_word' id='word_1_57' title='bbox 962 661 1234 718; x_wconf 78' lang='lat' dir='ltr'>expediret,</span> <span class='ocrx_word' id='word_1_58' title='bbox 1264 661 1475 718; x_wconf 80' lang='lat' dir='ltr'>exemplo</span> 
     </span>
     <span class='ocr_line' id='line_1_11' title="bbox 172 721 1477 769; baseline -0.003 -3"><span class='ocrx_word' id='word_1_59' title='bbox 172 723 343 766; x_wconf 85' lang='lat' dir='ltr'>Palmae</span> <span class='ocrx_word' id='word_1_60' title='bbox 372 724 420 764; x_wconf 89' lang='lat' dir='ltr'>in</span> <span class='ocrx_word' id='word_1_61' title='bbox 452 722 661 769; x_wconf 79' lang='lat' dir='ltr'>deser103</span> <span class='ocrx_word' id='word_1_62' title='bbox 689 734 771 760; x_wconf 85' lang='lat' dir='ltr'>usa</span> <span class='ocrx_word' id='word_1_63' title='bbox 793 728 862 760; x_wconf 82' lang='lat' dir='ltr'>est</span> <span class='ocrx_word' id='word_1_64' title='bbox 891 723 1074 762; x_wconf 75' lang='lat' dir='ltr'>insectis</span> <span class='ocrx_word' id='word_1_65' title='bbox 1101 721 1477 763; x_wconf 75' lang='lat' dir='ltr'>circumvolitan-</span> 
     </span>
     <span class='ocr_line' id='line_1_12' title="bbox 171 778 1478 839; baseline -0.002 -15"><span class='ocrx_word' id='word_1_66' title='bbox 171 783 300 825; x_wconf 87' lang='lat' dir='ltr'>tibus</span> <span class='ocrx_word' id='word_1_67' title='bbox 324 814 336 834; x_wconf 85' lang='lat'>‚</span> <span class='ocrx_word' id='word_1_68' title='bbox 369 796 466 839; x_wconf 83' lang='lat' dir='ltr'>quae</span> <span class='ocrx_word' id='word_1_69' title='bbox 494 778 722 822; x_wconf 81' lang='lat' dir='ltr'>crusculis</span> <span class='ocrx_word' id='word_1_70' title='bbox 755 781 848 821; x_wconf 88' lang='lat' dir='ltr'>suis</span> <span class='ocrx_word' id='word_1_71' title='bbox 879 789 1060 822; x_wconf 81' lang='lat' dir='ltr'>nectare</span> <span class='ocrx_word' id='word_1_72' title='bbox 1111 780 1294 822; x_wconf 87' lang='lat' dir='ltr'>illinitis</span> <span class='ocrx_word' id='word_1_73' title='bbox 1345 780 1478 823; x_wconf 83' lang='lat' dir='ltr'>abla-</span> 
     </span>
     <span class='ocr_line' id='line_1_13' title="bbox 170 838 1475 899; baseline -0.001 -15"><span class='ocrx_word' id='word_1_74' title='bbox 170 850 274 884; x_wconf 88' lang='lat' dir='ltr'>tum</span> <span class='ocrx_word' id='word_1_75' title='bbox 305 858 332 884; x_wconf 90' lang='lat' dir='ltr'>a</span> <span class='ocrx_word' id='word_1_76' title='bbox 361 857 486 883; x_wconf 87' lang='lat' dir='ltr'>mare</span> <span class='ocrx_word' id='word_1_77' title='bbox 513 839 669 899; x_wconf 85' lang='lat' dir='ltr'>pollen</span> <span class='ocrx_word' id='word_1_78' title='bbox 692 838 749 880; x_wconf 88' lang='lat' dir='ltr'>ad</span> <span class='ocrx_word' id='word_1_79' title='bbox 781 838 984 882; x_wconf 75' lang='lat' dir='ltr'>foeminas</span> <span class='ocrx_word' id='word_1_80' title='bbox 1018 839 1351 892; x_wconf 78' lang='lat' dir='ltr'>transferrent3</span> <span class='ocrx_word' id='word_1_81' title='bbox 1382 843 1475 883; x_wconf 88' lang='lat' dir='ltr'>imo</span> 
     </span>
     <span class='ocr_line' id='line_1_14' title="bbox 169 899 1477 958; baseline -0.002 -13"><span class='ocrx_word' id='word_1_82' title='bbox 169 902 263 945; x_wconf 86' lang='lat' dir='ltr'>haec</span> <span class='ocrx_word' id='word_1_83' title='bbox 295 903 451 944; x_wconf 90' lang='lat' dir='ltr'>eadem</span> <span class='ocrx_word' id='word_1_84' title='bbox 496 903 667 942; x_wconf 86' lang='lat' dir='ltr'>insecta</span> <span class='ocrx_word' id='word_1_85' title='bbox 717 899 771 941; x_wconf 86' lang='lat' dir='ltr'>de</span> <span class='ocrx_word' id='word_1_86' title='bbox 797 901 907 958; x_wconf 83' lang='lat' dir='ltr'>ipsis</span> <span class='ocrx_word' id='word_1_87' title='bbox 950 900 1073 943; x_wconf 89' lang='lat' dir='ltr'>horis</span> <span class='ocrx_word' id='word_1_88' title='bbox 1103 902 1340 942; x_wconf 76' lang='lat' dir='ltr'>matutinis</span> <span class='ocrx_word' id='word_1_89' title='bbox 1382 901 1477 943; x_wconf 74' lang='lat' dir='ltr'>fere</span> 
     </span>
     <span class='ocr_line' id='line_1_15' title="bbox 172 959 1475 1020; baseline 0 -17"><span class='ocrx_word' id='word_1_90' title='bbox 172 966 357 1004; x_wconf 85' lang='lat' dir='ltr'>monuit</span> <span class='ocrx_word' id='word_1_91' title='bbox 384 995 395 1014; x_wconf 89' lang='lat'>,</span> <span class='ocrx_word' id='word_1_92' title='bbox 429 962 601 1020; x_wconf 87' lang='lat' dir='ltr'>quibus</span> <span class='ocrx_word' id='word_1_93' title='bbox 654 959 811 1017; x_wconf 85' lang='lat' dir='ltr'>pollen</span> <span class='ocrx_word' id='word_1_94' title='bbox 840 992 850 1010; x_wconf 88' lang='lat'>,</span> <span class='ocrx_word' id='word_1_95' title='bbox 897 963 1045 1018; x_wconf 79' lang='lat' dir='ltr'>primo</span> <span class='ocrx_word' id='word_1_96' title='bbox 1098 961 1192 1003; x_wconf 86' lang='lat' dir='ltr'>sole</span> <span class='ocrx_word' id='word_1_97' title='bbox 1245 960 1435 1003; x_wconf 84' lang='lat' dir='ltr'>feriente</span> <span class='ocrx_word' id='word_1_98' title='bbox 1462 994 1475 1013; x_wconf 84' lang='lat'>‚</span> 
     </span>
     <span class='ocr_line' id='line_1_16' title="bbox 168 1018 1476 1079; baseline -0.002 -15"><span class='ocrx_word' id='word_1_99' title='bbox 168 1022 429 1079; x_wconf 86' lang='lat' dir='ltr'>ejaculatur</span> <span class='ocrx_word' id='word_1_100' title='bbox 455 1052 466 1074; x_wconf 87' lang='lat'>,</span> <span class='ocrx_word' id='word_1_101' title='bbox 500 1028 553 1061; x_wconf 90' lang='lat' dir='ltr'>ut</span> <span class='ocrx_word' id='word_1_102' title='bbox 574 1019 631 1061; x_wconf 89' lang='lat' dir='ltr'>ad</span> <span class='ocrx_word' id='word_1_103' title='bbox 662 1018 795 1061; x_wconf 85' lang='lat' dir='ltr'>flores</span> <span class='ocrx_word' id='word_1_104' title='bbox 825 1019 911 1062; x_wconf 86' lang='lat' dir='ltr'>hoc</span> <span class='ocrx_word' id='word_1_105' title='bbox 938 1021 1087 1063; x_wconf 86' lang='lat' dir='ltr'>officio</span> <span class='ocrx_word' id='word_1_106' title='bbox 1114 1021 1365 1079; x_wconf 79' lang='lat' dir='ltr'>praestando</span> <span class='ocrx_word' id='word_1_107' title='bbox 1399 1037 1476 1062; x_wconf 83' lang='lat' dir='ltr'>ac·-</span> 
     </span>
     <span class='ocr_line' id='line_1_17' title="bbox 168 1080 1478 1138; baseline -0.002 -14"><span class='ocrx_word' id='word_1_108' title='bbox 168 1083 385 1124; x_wconf 86' lang='lat' dir='ltr'>cederent</span> <span class='ocrx_word' id='word_1_109' title='bbox 407 1113 419 1133; x_wconf 91' lang='lat'>,</span> <span class='ocrx_word' id='word_1_110' title='bbox 452 1080 576 1138; x_wconf 87' lang='lat' dir='ltr'>quod</span> <span class='ocrx_word' id='word_1_111' title='bbox 607 1080 1026 1122; x_wconf 84' lang='lat' dir='ltr'>notumVaillantio</span> <span class='ocrx_word' id='word_1_112' title='bbox 1054 1099 1065 1132; x_wconf 91' lang='lat'>;</span> <span class='ocrx_word' id='word_1_113' title='bbox 1099 1096 1368 1138; x_wconf 82' lang='lat' dir='ltr'>summaque</span> <span class='ocrx_word' id='word_1_114' title='bbox 1412 1084 1478 1121; x_wconf 87' lang='lat' dir='ltr'>in-</span> 
     </span>
     <span class='ocr_line' id='line_1_18' title="bbox 169 1140 1472 1199; baseline 0 -17"><span class='ocrx_word' id='word_1_115' title='bbox 169 1143 294 1199; x_wconf 81' lang='lat' dir='ltr'>juria</span> <span class='ocrx_word' id='word_1_116' title='bbox 315 1143 438 1184; x_wconf 86' lang='lat' dir='ltr'>dives</span> <span class='ocrx_word' id='word_1_117' title='bbox 459 1141 538 1182; x_wconf 91' lang='lat' dir='ltr'>ille</span> <span class='ocrx_word' id='word_1_118' title='bbox 560 1141 683 1197; x_wconf 88' lang='lat' dir='ltr'>apud</span> <span class='ocrx_word' id='word_1_119' title='bbox 705 1140 1041 1193; x_wconf 82' lang='lat' dir='ltr'>Quintilianum</span> <span class='ocrx_word' id='word_1_120' title='bbox 1069 1140 1308 1195; x_wconf 65' lang='lat' dir='ltr'>(Deciani.</span> <span class='ocrx_word' id='word_1_121' title='bbox 1340 1141 1472 1182; x_wconf 91' lang='lat' dir='ltr'>XIII.</span> 
     </span>
     <span class='ocr_line' id='line_1_19' title="bbox 168 1199 1476 1257; baseline -0.002 -13"><span class='ocrx_word' id='word_1_122' title='bbox 168 1202 283 1245; x_wconf 85' lang='lat' dir='ltr'>edit.</span> <span class='ocrx_word' id='word_1_123' title='bbox 306 1203 494 1243; x_wconf 87' lang='lat' dir='ltr'>Taurin.</span> <span class='ocrx_word' id='word_1_124' title='bbox 527 1209 635 1242; x_wconf 89' lang='lat' dir='ltr'>tom.</span> <span class='ocrx_word' id='word_1_125' title='bbox 672 1200 710 1242; x_wconf 83' lang='lat'>5.</span> <span class='ocrx_word' id='word_1_126' title='bbox 744 1216 788 1257; x_wconf 87' lang='lat' dir='ltr'>p.</span> <span class='ocrx_word' id='word_1_127' title='bbox 821 1203 965 1256; x_wconf 75' lang='grc'>434.)</span> <span class='ocrx_word' id='word_1_128' title='bbox 996 1199 1128 1242; x_wconf 87' lang='lat' dir='ltr'>flores</span> <span class='ocrx_word' id='word_1_129' title='bbox 1180 1215 1352 1243; x_wconf 89' lang='lat' dir='ltr'>veneno</span> <span class='ocrx_word' id='word_1_130' title='bbox 1408 1204 1476 1242; x_wconf 86' lang='lat' dir='ltr'>in-</span> 
     </span>
     <span class='ocr_line' id='line_1_20' title="bbox 171 1260 1475 1318; baseline -0.002 -14"><span class='ocrx_word' id='word_1_131' title='bbox 171 1261 376 1314; x_wconf 80' lang='lat' dir='ltr'>fecerat,</span> <span class='ocrx_word' id='word_1_132' title='bbox 408 1268 463 1302; x_wconf 81' lang='lat' dir='ltr'>ut</span> <span class='ocrx_word' id='word_1_133' title='bbox 492 1276 597 1318; x_wconf 88' lang='lat' dir='ltr'>apes</span> <span class='ocrx_word' id='word_1_134' title='bbox 627 1261 675 1301; x_wconf 90' lang='lat' dir='ltr'>in</span> <span class='ocrx_word' id='word_1_135' title='bbox 707 1262 916 1317; x_wconf 76' lang='lat' dir='ltr'>proximo</span> <span class='ocrx_word' id='word_1_136' title='bbox 948 1262 1164 1317; x_wconf 83' lang='lat' dir='ltr'>pauperis</span> <span class='ocrx_word' id='word_1_137' title='bbox 1205 1260 1355 1318; x_wconf 77' lang='lat' dir='ltr'>agello</span> <span class='ocrx_word' id='word_1_138' title='bbox 1402 1261 1475 1301; x_wconf 89' lang='lat' dir='ltr'>di-</span> 
     </span>
     <span class='ocr_line' id='line_1_21' title="bbox 169 1319 1474 1378; baseline -0.002 -14"><span class='ocrx_word' id='word_1_139' title='bbox 169 1330 400 1364; x_wconf 84' lang='lat' dir='ltr'>versantes</span> <span class='ocrx_word' id='word_1_140' title='bbox 423 1319 696 1362; x_wconf 81' lang='lat' dir='ltr'>interficeret</span> <span class='ocrx_word' id='word_1_141' title='bbox 721 1352 732 1370; x_wconf 89' lang='lat'>,</span> <span class='ocrx_word' id='word_1_142' title='bbox 760 1335 815 1362; x_wconf 89' lang='lat' dir='ltr'>ne</span> <span class='ocrx_word' id='word_1_143' title='bbox 846 1329 1062 1362; x_wconf 83' lang='lat' dir='ltr'>nocerent</span> <span class='ocrx_word' id='word_1_144' title='bbox 1089 1353 1100 1372; x_wconf 89' lang='lat'>,</span> <span class='ocrx_word' id='word_1_145' title='bbox 1135 1321 1260 1378; x_wconf 86' lang='lat' dir='ltr'>quod</span> <span class='ocrx_word' id='word_1_146' title='bbox 1313 1329 1474 1362; x_wconf 76' lang='lat' dir='ltr'>contra</span> 
     </span>
     <span class='ocr_line' id='line_1_22' title="bbox 169 1384 486 1424; baseline -0.006 0"><span class='ocrx_word' id='word_1_147' title='bbox 169 1384 353 1424; x_wconf 87' lang='lat' dir='ltr'>omnino</span> <span class='ocrx_word' id='word_1_148' title='bbox 385 1389 452 1423; x_wconf 89' lang='lat' dir='ltr'>est</span> <span class='ocrx_word' id='word_1_149' title='bbox 476 1412 486 1422; x_wconf 91' lang='lat'><strong>.</strong></span> 
     </span>
    </p>

    <p class='ocr_par' dir='ltr' id='par_1_4' title="bbox 163 1439 1474 2280">
     <span class='ocr_line' id='line_1_23' title="bbox 227 1439 1470 1497; baseline -0.002 -14"><span class='ocrx_word' id='word_1_150' title='bbox 227 1441 272 1497; x_wconf 55' lang='grc' dir='ltr'>ᾗ.</span> <span class='ocrx_word' id='word_1_151' title='bbox 304 1443 407 1497; x_wconf 76' lang='lat'><strong>379.</strong></span> <span class='ocrx_word' id='word_1_152' title='bbox 437 1440 649 1481; x_wconf 86' lang='lat' dir='ltr'>Attamen</span> <span class='ocrx_word' id='word_1_153' title='bbox 679 1439 766 1480; x_wconf 83' lang='lat' dir='ltr'>hoc</span> <span class='ocrx_word' id='word_1_154' title='bbox 815 1440 1092 1481; x_wconf 89' lang='lat' dir='ltr'>insectorum</span> <span class='ocrx_word' id='word_1_155' title='bbox 1145 1439 1376 1482; x_wconf 73' lang='lat' dir='ltr'>auxilium</span> <span class='ocrx_word' id='word_1_156' title='bbox 1421 1441 1470 1481; x_wconf 91' lang='lat' dir='ltr'>in</span> 
     </span>
     <span class='ocr_line' id='line_1_24' title="bbox 169 1497 1468 1559; baseline -0.001 -17"><span class='ocrx_word' id='word_1_157' title='bbox 169 1503 462 1559; x_wconf 85' lang='lat' dir='ltr'>generatione</span> <span class='ocrx_word' id='word_1_158' title='bbox 516 1497 681 1541; x_wconf 87' lang='lat' dir='ltr'>florum</span> <span class='ocrx_word' id='word_1_159' title='bbox 734 1500 990 1556; x_wconf 76' lang='lat' dir='ltr'>peragenda</span> <span class='ocrx_word' id='word_1_160' title='bbox 1045 1502 1158 1540; x_wconf 82' lang='lat' dir='ltr'>tanti</span> <span class='ocrx_word' id='word_1_161' title='bbox 1204 1499 1468 1541; x_wconf 83' lang='lat' dir='ltr'>faciendum</span> 
     </span>
     <span class='ocr_line' id='line_1_25' title="bbox 166 1558 1468 1618; baseline -0.002 -16"><span class='ocrx_word' id='word_1_162' title='bbox 166 1575 259 1602; x_wconf 89' lang='lat' dir='ltr'>non</span> <span class='ocrx_word' id='word_1_163' title='bbox 285 1568 500 1618; x_wconf 86' lang='lat' dir='ltr'>putamus</span> <span class='ocrx_word' id='word_1_164' title='bbox 525 1592 535 1611; x_wconf 93' lang='lat'>,</span> <span class='ocrx_word' id='word_1_165' title='bbox 569 1559 728 1616; x_wconf 83' lang='lat' dir='ltr'>quanti</span> <span class='ocrx_word' id='word_1_166' title='bbox 777 1558 899 1600; x_wconf 86' lang='lat' dir='ltr'>illud</span> <span class='ocrx_word' id='word_1_167' title='bbox 949 1558 1084 1600; x_wconf 77' lang='lat' dir='ltr'>duxit</span> <span class='ocrx_word' id='word_1_168' title='bbox 1137 1559 1432 1617; x_wconf 77' lang='lat' dir='ltr'>Sprengelius</span> <span class='ocrx_word' id='word_1_169' title='bbox 1456 1593 1468 1610; x_wconf 85' lang='lat'>‚</span> 
     </span>
     <span class='ocr_line' id='line_1_26' title="bbox 165 1619 1470 1677; baseline -0.002 -15"><span class='ocrx_word' id='word_1_170' title='bbox 165 1622 233 1662; x_wconf 83' lang='lat' dir='ltr'>ita</span> <span class='ocrx_word' id='word_1_171' title='bbox 253 1630 307 1662; x_wconf 88' lang='lat' dir='ltr'>ut</span> <span class='ocrx_word' id='word_1_172' title='bbox 331 1627 428 1662; x_wconf 84' lang='lat' dir='ltr'>tota</span> <span class='ocrx_word' id='word_1_173' title='bbox 459 1621 690 1677; x_wconf 80' lang='lat' dir='ltr'>generatio</span> <span class='ocrx_word' id='word_1_174' title='bbox 714 1620 762 1659; x_wconf 90' lang='lat' dir='ltr'>in</span> <span class='ocrx_word' id='word_1_175' title='bbox 784 1619 1062 1676; x_wconf 84' lang='lat' dir='ltr'>quibusdam</span> <span class='ocrx_word' id='word_1_176' title='bbox 1089 1621 1312 1677; x_wconf 77' lang='lat' dir='ltr'>stirpibus</span> <span class='ocrx_word' id='word_1_177' title='bbox 1350 1622 1470 1660; x_wconf 87' lang='lat' dir='ltr'>inse-</span> 
     </span>
     <span class='ocr_line' id='line_1_27' title="bbox 164 1679 1472 1730; baseline -0.003 -7"><span class='ocrx_word' id='word_1_178' title='bbox 164 1682 254 1723; x_wconf 87' lang='lat' dir='ltr'>ctis</span> <span class='ocrx_word' id='word_1_179' title='bbox 298 1679 780 1722; x_wconf 80' lang='lat' dir='ltr'>circumvolitantibus</span> <span class='ocrx_word' id='word_1_180' title='bbox 833 1682 1087 1720; x_wconf 83' lang='lat' dir='ltr'>necessario</span> <span class='ocrx_word' id='word_1_181' title='bbox 1124 1681 1378 1730; x_wconf 80' lang='lat' dir='ltr'>innitatur,</span> <span class='ocrx_word' id='word_1_182' title='bbox 1425 1686 1472 1720; x_wconf 89' lang='lat' dir='ltr'>et</span> 
     </span>
     <span class='ocr_line' id='line_1_28' title="bbox 163 1737 1469 1796; baseline -0.002 -14"><span class='ocrx_word' id='word_1_183' title='bbox 163 1749 331 1783; x_wconf 85' lang='lat' dir='ltr'>natura</span> <span class='ocrx_word' id='word_1_184' title='bbox 360 1742 408 1782; x_wconf 89' lang='lat' dir='ltr'>in</span> <span class='ocrx_word' id='word_1_185' title='bbox 439 1755 597 1782; x_wconf 88' lang='lat' dir='ltr'>earum</span> <span class='ocrx_word' id='word_1_186' title='bbox 623 1737 813 1781; x_wconf 87' lang='lat' dir='ltr'>floribus</span> <span class='ocrx_word' id='word_1_187' title='bbox 845 1742 1049 1796; x_wconf 85' lang='lat' dir='ltr'>posuerit</span> <span class='ocrx_word' id='word_1_188' title='bbox 1066 1741 1158 1781; x_wconf 88' lang='lat' dir='ltr'>sive</span> <span class='ocrx_word' id='word_1_189' title='bbox 1180 1748 1351 1790; x_wconf 84' lang='lat' dir='ltr'>nectar,</span> <span class='ocrx_word' id='word_1_190' title='bbox 1378 1741 1469 1780; x_wconf 84' lang='lat' dir='ltr'>sive</span> 
     </span>
     <span class='ocr_line' id='line_1_29' title="bbox 164 1800 1468 1857; baseline -0.002 -15"><span class='ocrx_word' id='word_1_191' title='bbox 164 1800 371 1843; x_wconf 87' lang='lat' dir='ltr'>maculas</span> <span class='ocrx_word' id='word_1_192' title='bbox 397 1834 409 1853; x_wconf 95' lang='lat'>,</span> <span class='ocrx_word' id='word_1_193' title='bbox 444 1803 536 1842; x_wconf 86' lang='lat' dir='ltr'>sive</span> <span class='ocrx_word' id='word_1_194' title='bbox 567 1800 728 1842; x_wconf 87' lang='lat' dir='ltr'>odores</span> <span class='ocrx_word' id='word_1_195' title='bbox 756 1832 766 1850; x_wconf 89' lang='lat'>,</span> <span class='ocrx_word' id='word_1_196' title='bbox 799 1801 974 1857; x_wconf 88' lang='lat' dir='ltr'>quibus</span> <span class='ocrx_word' id='word_1_197' title='bbox 1006 1802 1175 1841; x_wconf 80' lang='lat' dir='ltr'>insecta</span> <span class='ocrx_word' id='word_1_198' title='bbox 1201 1800 1256 1841; x_wconf 83' lang='lat' dir='ltr'>ad</span> <span class='ocrx_word' id='word_1_199' title='bbox 1289 1801 1335 1841; x_wconf 83' lang='lat' dir='ltr'>id</span> <span class='ocrx_word' id='word_1_200' title='bbox 1359 1814 1468 1856; x_wconf 87' lang='lat' dir='ltr'>ope-</span> 
     </span>
     <span class='ocr_line' id='line_1_30' title="bbox 165 1860 1471 1920; baseline -0.003 -17"><span class='ocrx_word' id='word_1_201' title='bbox 165 1863 230 1904; x_wconf 86' lang='lat' dir='ltr'>ris</span> <span class='ocrx_word' id='word_1_202' title='bbox 260 1877 283 1903; x_wconf 90' lang='lat' dir='ltr'>e</span> <span class='ocrx_word' id='word_1_203' title='bbox 322 1860 572 1920; x_wconf 79' lang='lat' dir='ltr'>longinquo</span> <span class='ocrx_word' id='word_1_204' title='bbox 605 1868 850 1902; x_wconf 84' lang='lat' dir='ltr'>arcesseret</span> <span class='ocrx_word' id='word_1_205' title='bbox 871 1894 880 1903; x_wconf 91' lang='lat'><strong>.</strong></span> <span class='ocrx_word' id='word_1_206' title='bbox 927 1860 1203 1915; x_wconf 78' lang='lat' dir='ltr'>Dicogamia</span> <span class='ocrx_word' id='word_1_207' title='bbox 1252 1860 1471 1918; x_wconf 68' lang='lat' dir='ltr'>Sprengc-</span> 
     </span>
     <span class='ocr_line' id='line_1_31' title="bbox 163 1921 1466 1978; baseline -0.003 -15"><span class='ocrx_word' id='word_1_208' title='bbox 163 1921 219 1963; x_wconf 87' lang='lat' dir='ltr'>lii</span> <span class='ocrx_word' id='word_1_209' title='bbox 249 1930 418 1963; x_wconf 83' lang='lat' dir='ltr'>naturae</span> <span class='ocrx_word' id='word_1_210' title='bbox 453 1921 707 1963; x_wconf 85' lang='lat' dir='ltr'>reluctatur</span> <span class='ocrx_word' id='word_1_211' title='bbox 737 1953 747 1971; x_wconf 85' lang='lat'>,</span> <span class='ocrx_word' id='word_1_212' title='bbox 770 1936 866 1977; x_wconf 84' lang='lat' dir='ltr'>quae</span> <span class='ocrx_word' id='word_1_213' title='bbox 911 1924 1225 1962; x_wconf 69' lang='lat' dir='ltr'>necessitatem</span> <span class='ocrx_word' id='word_1_214' title='bbox 1278 1935 1466 1978; x_wconf 73' lang='lat' dir='ltr'>genera-</span> 
     </span>
     <span class='ocr_line' id='line_1_32' title="bbox 165 1982 1472 2040; baseline -0.002 -19"><span class='ocrx_word' id='word_1_215' title='bbox 165 1983 318 2033; x_wconf 86' lang='lat' dir='ltr'>tionis,</span> <span class='ocrx_word' id='word_1_216' title='bbox 343 1982 455 2024; x_wconf 86' lang='lat' dir='ltr'>alias</span> <span class='ocrx_word' id='word_1_217' title='bbox 488 1983 668 2040; x_wconf 79' lang='lat' dir='ltr'>organis</span> <span class='ocrx_word' id='word_1_218' title='bbox 695 1983 833 2022; x_wconf 84' lang='lat' dir='ltr'>certis</span> <span class='ocrx_word' id='word_1_219' title='bbox 859 1990 1080 2038; x_wconf 74' lang='lat' dir='ltr'>certaeque</span> <span class='ocrx_word' id='word_1_220' title='bbox 1119 1983 1333 2039; x_wconf 80' lang='lat' dir='ltr'>geniturae</span> <span class='ocrx_word' id='word_1_221' title='bbox 1368 1995 1472 2020; x_wconf 85' lang='lat' dir='ltr'>con-</span> 
     </span>
     <span class='ocr_line' id='line_1_33' title="bbox 165 2041 1474 2099; baseline -0.002 -18"><span class='ocrx_word' id='word_1_222' title='bbox 165 2042 400 2093; x_wconf 77' lang='lat' dir='ltr'>creditam,</span> <span class='ocrx_word' id='word_1_223' title='bbox 416 2057 536 2083; x_wconf 88' lang='lat' dir='ltr'>nunc</span> <span class='ocrx_word' id='word_1_224' title='bbox 557 2044 734 2083; x_wconf 84' lang='lat' dir='ltr'>incertae</span> <span class='ocrx_word' id='word_1_225' title='bbox 765 2043 1041 2083; x_wconf 82' lang='lat' dir='ltr'>insectorum</span> <span class='ocrx_word' id='word_1_226' title='bbox 1062 2043 1300 2099; x_wconf 69' lang='lat' dir='ltr'>pi-aesentiae</span> <span class='ocrx_word' id='word_1_227' title='bbox 1329 2041 1474 2082; x_wconf 72' lang='lat' dir='ltr'>credi-</span> 
     </span>
     <span class='ocr_line' id='line_1_34' title="bbox 166 2100 1469 2157; baseline -0.002 -16"><span class='ocrx_word' id='word_1_228' title='bbox 166 2100 305 2142; x_wconf 84' lang='lat' dir='ltr'>disset</span> <span class='ocrx_word' id='word_1_229' title='bbox 326 2134 336 2144; x_wconf 86' lang='lat'><strong>.</strong></span> <span class='ocrx_word' id='word_1_230' title='bbox 363 2102 512 2155; x_wconf 84' lang='lat' dir='ltr'>Quare</span> <span class='ocrx_word' id='word_1_231' title='bbox 557 2110 601 2143; x_wconf 82' lang='lat' dir='ltr'>et</span> <span class='ocrx_word' id='word_1_232' title='bbox 646 2104 935 2157; x_wconf 75' lang='lat' dir='ltr'>clicogamiam</span> <span class='ocrx_word' id='word_1_233' title='bbox 959 2134 970 2153; x_wconf 93' lang='lat'>,</span> <span class='ocrx_word' id='word_1_234' title='bbox 1003 2110 1047 2143; x_wconf 88' lang='lat' dir='ltr'>et</span> <span class='ocrx_word' id='word_1_235' title='bbox 1092 2104 1469 2155; x_wconf 77' lang='lat' dir='ltr'>nectaristigmata</span> 
     </span>
     <span class='ocr_line' id='line_1_35' title="bbox 170 2159 1465 2220; baseline -0.001 -19"><span class='ocrx_word' id='word_1_236' title='bbox 170 2159 441 2218; x_wconf 81' lang='lat' dir='ltr'>Sprengelii‚</span> <span class='ocrx_word' id='word_1_237' title='bbox 475 2170 700 2219; x_wconf 86' lang='lat' dir='ltr'>quatenus</span> <span class='ocrx_word' id='word_1_238' title='bbox 723 2178 792 2206; x_wconf 89' lang='lat' dir='ltr'>res</span> <span class='ocrx_word' id='word_1_239' title='bbox 822 2161 879 2205; x_wconf 87' lang='lat' dir='ltr'>ad</span> <span class='ocrx_word' id='word_1_240' title='bbox 901 2164 1239 2220; x_wconf 82' lang='lat' dir='ltr'>generationem</span> <span class='ocrx_word' id='word_1_241' title='bbox 1266 2176 1465 2202; x_wconf 73' lang='lat' dir='ltr'>necessa—</span> 
     </span>
     <span class='ocr_line' id='line_1_36' title="bbox 173 2221 626 2280; baseline 0.009 -19"><span class='ocrx_word' id='word_1_242' title='bbox 173 2222 263 2263; x_wconf 83' lang='lat' dir='ltr'>rias</span> <span class='ocrx_word' id='word_1_243' title='bbox 291 2253 302 2272; x_wconf 93' lang='lat'>,</span> <span class='ocrx_word' id='word_1_244' title='bbox 333 2221 626 2280; x_wconf 82' lang='lat' dir='ltr'>denegamus.</span> 
     </span>
    </p>
   </div>
  </div>
 </body>
</html>
