1669 2563
1264 114 1346 151 225

175 219 343 262 Glabra
368 251 377 268 ‚
418 218 568 274 pilosa
593 247 603 264 ,
636 214 805 254 hirsuta
822 245 836 265 ,
867 214 1045 269 hispida
1063 246 1071 255 .

176 281 360 322 Evalvis
380 312 390 329 ‚
420 292 515 334 quae
552 289 630 315 nec
662 289 740 330 per
764 282 902 314 totam
939 273 1266 329 longitudinem
1288 307 1297 324 ‚
1330 289 1410 315 nec

117 349 367 382 transverse
399 336 639 383 scinditur,
671 341 886 388 caretque
914 335 1085 372 suturis
1114 364 1122 373 .

174 400 400 447 Bioalvis,
444 395 637 436 trivalvis
661 425 673 442 ,
704 392 968 433 multivalcjs
987 425 997 442 ‚
1038 406 1134 447 quae
1185 393 1408 432 scinditur

114 464 162 501 in
192 459 378 501 totidem
409 462 637 511 segmenta
657 453 788 508 juxta
810 459 992 493 suturas
1015 466 1118 493 suas
1138 451 1211 491 vel
1247 461 1407 501 rectas,

116 518 190 561 vel
224 526 498 559 transversas
516 546 526 555 .

172 577 314 634 Apiee
339 573 538 619 dentibus
569 570 792 613 dehiscens
815 603 825 621 ‚
858 570 985 613 hians
1016 571 1144 627 apice
1177 583 1254 611 ore
1301 569 1412 610 den-

112 636 304 680 ticulato
331 667 342 677 .

176 695 338 752 Apiee,
370 692 445 735 vel
477 691 576 734 basi
598 693 725 748 poris
756 690 995 740 dehiscens,
1030 698 1186 746 patens
1230 687 1414 729 forami-

110 756 246 798 nibus
280 753 355 796 vel
388 768 529 811 prope
561 754 736 808 apicem
756 783 766 802 ,
800 750 871 791 vel
904 766 1046 807 prope
1077 750 1222 791 basim
1250 780 1260 789 .

172 813 414 856 Lateribus
445 813 670 855 dehiscens
702 827 780 868 per
813 809 994 852 fissuras
1029 807 1408 866 longitudinales.

167 875 501 924 Circumscissa,
527 887 623 929 quae
644 871 888 928 Pyxidium
918 878 1108 912 vocatur
1130 870 1187 910 ab
1213 867 1412 909 Ehrhar-

113 942 160 975 to
193 967 204 986 ,
236 934 384 992 Pyxis
416 948 442 974 a
473 931 686 974 Mirbelio
712 963 723 982 ‚
754 945 860 971 cum
890 928 1236 971 horizontaliter
1290 943 1408 969 sece-

109 994 180 1036 dit
212 997 259 1035 in
288 993 445 1035 valvas
477 993 590 1034 duas
621 993 827 1048 opposite
859 1004 1082 1031 convexas
1111 1021 1120 1030 .

170 1054 509 1109 Monospermia
537 1085 548 1102 ,
584 1053 892 1107 oligospermz'a
913 1081 929 1102 ,
954 1049 1259 1106 polyspermz‘a
1282 1080 1293 1097 ‚
1350 1047 1408 1088 ab

111 1129 205 1155 uno
227 1145 238 1164 ‚
270 1116 429 1171 paucis
454 1144 467 1164 ,
499 1112 715 1170 pluribus
739 1111 986 1152 seminibus
1016 1109 1237 1151 contentis
1260 1139 1270 1148 .

173 1173 335 1214 Libera
364 1188 390 1214 a
424 1171 610 1228 calyce.
642 1172 760 1212 Huic
793 1172 1022 1213 contraria
1042 1169 1289 1217 adhaerens,
1312 1180 1409 1223 quae

113 1234 394 1290 Dyplotegia
425 1233 674 1274 Desvauxii
694 1263 705 1273 .

172 1294 406 1349 Dycocca,
436 1296 624 1334 tricocca
648 1323 659 1341 ,
693 1291 952 1332 multicocca
977 1322 988 1339 ‚
1022 1303 1118 1345 quae
1150 1286 1318 1329 Coccus
1347 1285 1412 1326 di-

111 1356 236 1395 citur
272 1368 298 1395 a
331 1352 578 1402 Gaertnero,
612 1351 785 1405 Regma
819 1365 846 1390 a
876 1349 1089 1391 Mirbelio
1114 1380 1125 1398 ‚
1163 1347 1410 1388 Elateriam

112 1429 139 1454 a
176 1413 404 1454 Richardo
430 1444 442 1462 ,
474 1426 579 1453 cum
633 1418 808 1452 constat
841 1410 1040 1459 duobus,
1074 1408 1250 1457 tribus,
1304 1406 1411 1463 plu-

116 1474 246 1514 ribus
277 1470 446 1513 loculis
476 1470 729 1512 columellae
759 1468 950 1510 centrali
981 1468 1253 1509 haerentibus
1280 1499 1291 1516 ‚
1328 1468 1410 1522 qui

111 1533 375 1573 maturitate
408 1532 466 1573 ab
498 1531 580 1572 illa
614 1531 916 1587 sejunguntur
945 1562 955 1578 ‚
985 1537 1031 1569 et
1061 1536 1222 1569 sutura
1271 1528 1410 1566 inter-

111 1608 169 1632 na
199 1605 363 1648 magno
395 1606 500 1632 cum
527 1594 720 1647 impetn,
753 1597 798 1631 et
836 1589 1107 1630 elasticitate
1138 1586 1232 1628 fere
1264 1601 1411 1642 usque

111 1652 168 1693 ad
202 1653 348 1693 basim
381 1650 618 1692 dissiliunt
640 1683 651 1701 ‚
683 1658 728 1690 et
756 1650 965 1706 disrupto
996 1650 1166 1690 cortice
1198 1654 1403 1695 externo,

112 1714 204 1754 sive
237 1712 468 1768 epicarp10
495 1743 507 1761 ‚
541 1710 758 1752 secedunt
800 1711 848 1750 in
897 1708 1053 1752 valvas
1104 1708 1217 1749 duas
1244 1739 1256 1757 ‚
1312 1721 1410 1763 quae

113 1781 370 1814 extrorsum
404 1768 700 1814 reflectuntur
725 1801 736 1813 .

473 1920 740 1977 Pericarpia
773 1921 1021 1977 composita
1042 1952 1052 1962 .

177 2069 222 2124 ξ.
256 2070 328 2112 60.
358 2068 598 2111 Nonnulla
622 2084 676 2110 ex
713 2070 981 2127 pericarpiis
1011 2067 1301 2126 simplicibus
1322 2100 1332 2117 ‚
1359 2066 1413 2107 de

119 2131 291 2185 quibus
322 2131 496 2186 egimus
522 2163 534 2180 ,
569 2129 761 2171 subinde
801 2129 939 2171 simul
981 2130 1237 2185 junguntur
1292 2130 1412 2167 intra

118 2189 328 2230 eumdem
358 2187 533 2239 florem,
566 2198 611 2230 et
628 2189 828 2245 fructum
853 2184 1141 2245 compositam
1186 2189 1412 2230 constitu-

122 2258 206 2290 unt
235 2283 246 2301 ,
278 2251 412 2306 cujus
442 2248 592 2292 formae
624 2249 886 2305 hujusmodi
911 2258 1016 2292 sunt
1042 2282 1051 2291 .

1002 2313 1050 2352 15
