1669 2563
1265 141 1341 168 211

126 229 299 273 corolla
331 247 342 280 3
375 236 530 286 estque
580 229 792 283 integrum
811 257 826 278 ,
858 224 1033 281 bifidam
1060 260 1070 277 ,
1106 228 1359 286 bipartitum
1393 265 1403 283 ‚

125 293 361 334 revolutum
386 322 396 340 ,
428 291 588 331 lineare
610 319 621 337 ,
653 295 832 330 ovatum
851 319 861 336 ‚
895 287 1142 330 tubuloszcm
1169 321 1179 339 ‚
1224 290 1407 332 hz‘labia-

124 360 215 394 tum
241 383 252 393 .

178 409 440 454 Nectarium
480 405 841 461 campanulatam
868 436 878 454 ‚
912 406 1190 447 sezctellatzmz
1207 439 1217 457 ‚
1264 410 1401 464 cylin-

120 470 349 519 dmceum,
397 464 521 523 quod
563 473 631 506 est
679 463 1061 521 monophyllum,
1112 466 1404 518 solitarium,

119 537 272 570 ortum
301 543 325 568 e
354 525 486 567 fauce
516 526 736 582 perigonii
757 556 767 574 ,
800 524 947 565 forma
991 540 1213 582 campanae
1238 558 1248 576 ,
1297 541 1403 568 scu-

120 587 263 637 tellae,
312 584 546 641 cylindri,
578 593 626 626 et
671 599 716 625 se
761 599 806 625 se
835 586 1205 641 conspiciendum
1240 588 1407 642 praebct

117 655 198 688 aut
225 646 392 702 aequale
423 677 435 695 ‚
467 651 549 685 aut
596 642 767 686 brevius
809 647 1044 701 perigonio
1080 678 1091 695 ‚
1137 645 1409 687 membrana-

115 719 263 756 ceum,
295 707 547 754 semiesum,
572 705 792 761 plicatum
815 735 827 753 ‚
859 718 936 745 ore
980 707 1193 761 integrum
1211 738 1222 756 ,
1253 719 1406 747 crena-

115 774 206 807 tum
231 797 242 816 ,
294 766 520 807 dentatum
545 796 557 816 ‚
597 764 757 821 fissum
779 796 790 815 ‚
831 766 1050 821 partitum
1085 798 1097 817 ‚
1128 767 1370 823 repandum
1393 798 1404 816 ,

114 828 331 883 crispum.

572 882 919 940 Receptaculum
936 915 946 926 .

171 1003 216 1060 §.
247 1006 318 1057 41.
350 1001 708 1061 Receptaculum
742 1000 866 1045 floris
895 1002 1116 1059 simplicis
1148 1004 1294 1061 primo
1337 1013 1407 1046 est

113 1062 397 1120 hypogynum
415 1095 432 1117 ,
461 1066 724 1120 perigynum
741 1095 752 1114 ‚
787 1065 1024 1120 epigytzum
1051 1095 1060 1106 .
1089 1064 1280 1122 Insuper
1325 1079 1406 1106 va-

116 1125 206 1165 riat

172 1182 458 1224 Contractum
489 1183 574 1224 sub
607 1183 761 1223 ovario
787 1214 797 1224 .

173 1243 433 1285 Dilatatum
462 1257 596 1300 super
629 1243 913 1300 perigonium
933 1274 943 1284 .

172 1302 500 1359 Pleurogytzum
524 1334 534 1352 ,
573 1317 681 1343 cum
737 1303 993 1344 circumdat
1051 1302 1258 1343 ovarium
1311 1303 1405 1343 sine

112 1361 365 1405 adhaesiono
391 1361 570 1404 laterali
595 1393 606 1412 ,
651 1360 724 1403 vel
776 1362 1059 1419 protrahitur
1105 1378 1129 1403 c
1175 1361 1314 1403 latore
1355 1377 1406 1403 o-

113 1435 229 1463 varn
255 1453 265 1463 .

171 1481 367 1522 Planum
391 1512 402 1531 ‚
434 1494 673 1522 convexum
691 1512 702 1531 ‚
734 1483 934 1522 conicum
951 1512 962 1531 ‚
996 1489 1171 1522 ovatum
1190 1512 1200 1530 ,
1252 1480 1408 1535 globo-

111 1553 205 1582 sum
222 1573 233 1591 ‚
267 1541 552 1597 cylindriczcm
578 1573 588 1590 ‚
608 1540 820 1596 filiforme
845 1573 856 1590 ,
889 1539 1010 1581 breve
1032 1573 1042 1590 ‚
1076 1541 1330 1595 elongatum
1354 1573 1364 1582 .

169 1600 432 1643 Columnam
450 1634 460 1652 ,
487 1616 592 1642 cum
617 1600 888 1657 producitur
921 1615 1060 1657 supra
1090 1600 1288 1641 fundum
1327 1616 1408 1658 pe-

113 1661 276 1718 rIgonii
299 1692 310 1702 .

169 1720 447 1776 Pulposum,
478 1734 584 1761 cum
630 1733 868 1761 succosum
894 1750 905 1770 ,
957 1717 1097 1761 molle
1121 1751 1132 1770 ‚
1174 1720 1251 1760 cui
1296 1733 1410 1762 con-

113 1782 306 1821 trarium
330 1787 399 1822 est
429 1794 662 1822 exsuccum
687 1811 697 1821 .

115 1840 362 1897 Sequentes
393 1854 578 1898 quoque
610 1838 1005 1896 receptaculorum
1034 1838 1172 1879 modi'
1204 1853 1229 1880 a
1273 1839 1406 1881 bota-

114 1902 227 1941 nicis
256 1900 437 1941 admissi
456 1932 468 1951 ‚
489 1908 534 1941 et
563 1898 877 1957 peculiaribus
899 1899 1161 1940 nominibus
1186 1899 1406 1940 distincti.

173 1958 340 2002 Discus
368 1968 434 2001 est
464 1958 807 2016 receptaculum
831 1959 1094 2017 depressum
1113 1992 1124 2011 ,
1156 1958 1303 2001 ferens
1333 1974 1410 2001 co-

116 2018 281 2060 rollam
305 2052 317 2070 ,
348 2026 393 2060 et
424 2019 639 2076 genitalia
662 2051 673 2060 .

174 2078 481 2136 Antophorum
502 2087 568 2121 est
589 2077 930 2135 receptaculum
961 2077 1225 2121 columnare
1260 2077 1408 2120 ferens

117 2139 295 2179 easdem
336 2153 406 2179 res
435 2140 483 2181 in
515 2138 800 2196 longitudine
834 2154 928 2180 sua.
1302 2152 1309 2159 ‘

175 2197 488 2255 Gomphorum
516 2198 634 2239 idem
664 2212 716 2239 ac
741 2198 1079 2256 anthophorum
1105 2232 1114 2249 ‚
1164 2198 1238 2241 sed
1285 2200 1406 2255 gerit

118 2257 340 2302 corollam
371 2262 493 2302 circa
524 2259 667 2301 basim
691 2290 700 2301 .
