1669 2563
1293 90 1372 141 241

207 189 513 246 Scyphiferum
542 221 552 237 ‚
585 201 809 228 ramosum
837 219 847 236 ‚
880 188 1013 241 eujus
1045 190 1157 229 rami
1190 190 1360 232 abeunt
1390 193 1437 232 in

155 250 350 306 Scyphos
376 282 385 291 .
1193 264 1197 267 ·

207 309 485 366 Per-foratum
503 338 514 356 ‚
539 304 661 362 quod
684 318 909 345 ramosum
928 337 939 355 ‚
965 304 1037 346 vel
1059 309 1430 361 ramosissimum,

149 376 194 410 et
225 371 271 409 in
301 367 455 409 axillis
486 379 717 406 ramorum
747 363 964 405 foramine
998 373 1257 420 pertusum.

206 427 409 469 Erectum
427 458 438 476 ,
470 422 725 466 decumbens
743 456 754 473 ‚
788 424 903 465 idest
936 425 1339 480 perpendiculare,
1367 427 1438 469 vel

151 494 351 528 erectum
383 486 478 527 basi
504 516 515 534 ,
546 492 591 524 et
617 483 779 523 deinde
811 485 1112 540 procumbens
1130 517 1140 525 .

206 545 475 587 fistulosum
494 576 505 594 ‚
537 544 724 585 solidam
755 545 929 585 interne
948 575 958 585 .

211 604 399 648 Nudum
427 636 438 655 ‚
480 612 798 645 ramentaceum
823 635 834 654 ,
879 603 1151 644 destitutum
1179 636 1191 654 ,
1236 603 1309 645 vel
1359 604 1441 646 ad·-

146 678 348 722 spersum
378 667 425 705 in
457 661 692 721 superficie
722 662 935 704 frustulis
965 662 1168 704 foliaceis
1197 666 1364 705 cormi.

209 723 503 765 Tendinosum
528 756 539 773 ,
560 723 728 780 fragile
756 756 768 773 ‚
801 739 827 764 a
857 722 1031 764 lentore
1056 724 1101 764 in
1133 732 1254 766 statu
1282 740 1439 767 recen-

148 784 181 823 ti
213 815 225 834 ,
258 791 303 825 et
333 799 360 826 a
390 782 640 843 fragilitate
672 786 718 824 in
750 791 872 826 statu
902 785 1050 826 sicco.

530 901 589 944 M
594 903 666 944 odi
696 902 1022 959 inflorescentiae
1039 935 1049 944 .

205 1021 250 1078 ξ.
284 1023 356 1079 93.
389 1020 527 1063 Sorus
547 1030 614 1063 est
633 1036 821 1064 acervus
844 1020 1278 1078 conceptaculorum
1305 1038 1440 1080 spon-

149 1091 193 1123 te
224 1083 557 1123 dehiscentium
582 1114 593 1133 ‚
627 1081 793 1124 sessilis
822 1083 869 1121 in
901 1081 1190 1139 receptaculo
1214 1080 1336 1124 floris
1362 1083 1436 1125 vel

150 1142 287 1199 plano
305 1174 316 1192 ,
348 1141 421 1183 vel
442 1156 671 1192 convexo,
702 1141 774 1182 vel
806 1141 1008 1191 clavato,
1040 1141 1114 1183 vel
1133 1140 1357 1195 filiformi,
1385 1145 1440 1185 si-

149 1210 222 1242 tus
255 1204 299 1243 in
329 1200 488 1242 fronde
518 1201 707 1243 Filicam
732 1234 742 1243 .
773 1201 857 1243 Hic
888 1204 1037 1243 variat

204 1260 513 1302 Subrotundas
531 1293 546 1313 ,
574 1263 755 1303 lanatus
777 1293 788 1311 ,
820 1262 997 1301 linearis
1012 1292 1028 1312 ,
1058 1262 1202 1303 nudus
1224 1293 1235 1312 ,
1268 1270 1407 1303 tectus
1426 1294 1438 1312 ‚

145 1324 381 1362 continuus
403 1354 415 1372 ,
448 1324 718 1378 interruptus
740 1353 750 1371 ,
796 1322 1134 1375 longitzcdinalis
1148 1353 1164 1372 ,
1216 1325 1440 1377 margina-

147 1383 202 1422 lis
224 1413 235 1431 ,
269 1389 543 1422 transversas
566 1414 577 1433 ,
612 1380 764 1437 glaber
786 1413 797 1432 ,
831 1381 1009 1423 villosus
1036 1413 1047 1432 ,
1068 1383 1308 1437 paleaceas
1326 1414 1336 1423 .

206 1440 480 1491 Solitarius,
525 1456 631 1482 cum
683 1455 811 1481 sorus
860 1456 1035 1497 semper
1081 1440 1350 1492 solitarius,
1396 1448 1442 1481 et

147 1500 265 1541 idem
296 1503 501 1541 excurrit
532 1501 652 1542 linea
701 1499 1028 1558 longitudissali
1059 1515 1086 1542 a
1116 1501 1213 1542 basi
1248 1501 1305 1542 ad
1339 1503 1439 1558 api-

146 1575 245 1601 cem
272 1558 446 1601 frondis
465 1593 476 1611 ,
509 1569 591 1602 aut
616 1563 781 1617 pinnae.

205 1618 396 1661 Seriales
425 1620 642 1662 dicuntur
692 1622 780 1661 sori
817 1618 985 1670 multi,
1035 1632 1236 1676 quorum
1286 1620 1443 1676 singu-

148 1679 181 1719 li
223 1678 402 1720 faciunt
437 1680 603 1722 lineam
647 1695 785 1722 unam
818 1688 1117 1722 transversam
1159 1682 1276 1721 inter
1307 1694 1442 1721 venas

151 1748 427 1781 transversas
446 1772 456 1782 .

207 1798 444 1841 Biseriales
466 1832 480 1850 ,
511 1814 617 1841 cum
647 1799 785 1840 iidem
817 1802 983 1841 sistunt
1009 1797 1178 1840 lineam
1206 1797 1440 1856 duplicem

149 1865 449 1901 transversam
480 1861 595 1901 inter
626 1874 762 1901 venas
796 1867 1068 1901 transversas
1091 1891 1101 1900 .

206 1918 557 1970 Multiseriales,
601 1934 708 1961 cum
751 1920 890 1962 iidem
941 1921 1230 1961 constituunt
1284 1918 1443 1977 plures

154 1980 289 2019 series
320 1987 594 2022 transversas
626 1981 741 2020 inter
773 1995 908 2021 venas
940 1987 1216 2022 transversas
1246 2012 1256 2021 .

208 2037 368 2093 Sparsi
394 2071 406 2089 ,
436 2054 542 2081 cum
572 2039 665 2080 duo
697 2042 823 2090 sori,
853 2038 927 2082 vel
959 2039 1117 2098 plures
1148 2048 1268 2082 stant
1308 2038 1442 2080 nullo

150 2098 309 2139 ordine
340 2101 456 2140 inter
486 2114 627 2141 venas
658 2107 933 2141 transversas
953 2133 965 2145 .

209 2156 254 2212 ξ.
287 2160 358 2214 94.
389 2158 551 2201 Clavus
579 2168 646 2200 est
678 2160 1021 2216 receptaculum
1053 2157 1204 2210 floris,
1238 2157 1361 2215 quod
1396 2159 1442 2199 in

150 2225 306 2259 centro
328 2220 495 2276 paginae
523 2218 751 2263 inferioris
775 2219 1036 2277 peclunculo
1057 2218 1314 2269 suffultum,
1340 2217 1442 2259 ideo

1155 2278 1205 2321 16
