1669 2563
256 134 336 192 196

188 237 437 282 Labellum
462 237 586 281 ludit

249 299 534 350 Pom-ectum,
567 301 815 356 dependens
839 332 849 350 ,
884 299 999 340 idest
1042 299 1327 341 horizontale
1356 331 1368 350 ,
1413 307 1496 340 aut

190 374 217 401 a
241 358 364 401 linea
395 360 673 402 horizontali
709 359 935 403 deflexum
966 391 975 401 .

252 420 451 462 Planum
477 454 488 472 ,
522 435 762 462 convexam
786 454 796 471 ‚
834 433 1126 476 compressum
1152 451 1164 470 ,
1211 433 1459 462 concavum
1488 451 1499 470 ,

190 489 416 522 saccatum
443 513 454 531 ,
499 482 769 522 cucullatam
796 512 806 523 .

250 539 575 596 Spathalatam
607 574 617 593 ,
653 540 907 597 rezzijsorme,
955 538 1229 594 triangulare
1256 571 1267 589 ‚
1311 540 1504 594 sagitta-

192 610 284 642 tum
301 633 311 651 ,
346 601 573 642 dentatam
596 634 606 650 ,
625 601 842 651 ἶοόαῐιινη,
870 600 1027 654 fissam
1050 632 1060 650 ,
1090 602 1310 655 partitum
1326 630 1336 649 ‚
1361 614 1386 639 a
1413 597 1503 639 for-

191 676 266 701 ma
297 661 478 718 spathae,
513 663 647 711 renis,
682 660 924 718 trianguli,
961 662 1129 717 sagittae
1155 692 1166 710 ,
1200 675 1225 700 a
1253 658 1501 707 dentibus,

193 720 313 762 lobis
332 753 342 771 ,
376 719 554 761 laciniis
574 753 585 771 ‚
619 723 860 778 segmentis
880 753 890 771 ‚
924 735 1039 777 quas
1071 720 1318 760 divisiones
1345 733 1502 760 omnes

192 782 324 837 juvat
356 795 599 821 numerare
621 813 630 822 .

257 839 571 890 Calcaratam,
606 840 903 880 ecalcaratam
934 854 960 879 a
991 841 1226 895 praesentia
1259 872 1269 889 ‚
1309 836 1385 880 vel
1432 836 1506 877 de-

193 898 319 941 fectu
357 899 622 956 appendicis
653 902 701 939 in
735 907 861 955 parte
896 901 1071 956 postica
1092 931 1102 949 ‚
1140 913 1235 955 quae
1269 897 1502 955 appendix

195 959 370 1000 dicitur
403 963 643 999 nectarium
664 991 673 1009 ,
702 973 839 999 corna
869 991 879 1007 ‚
909 959 1061 999 calcar
1087 989 1096 998 .

254 1017 371 1059 Basi
402 1020 753 1059 canalia-alatam
781 1051 791 1068 ‚
825 1017 899 1059 vel
936 1018 1217 1058 scutellarum
1245 1049 1256 1066 ,
1300 1014 1374 1058 vel
1425 1031 1506 1058 ex-

195 1078 402 1120 taberans
434 1094 459 1119 a
493 1078 621 1120 sulco
647 1110 658 1129 ‚
695 1076 768 1120 vel
801 1077 933 1120 fovea
979 1076 1128 1119 forma
1162 1076 1361 1119 seutellae
1388 1108 1399 1127 ‚
1432 1074 1508 1118 vel

196 1153 223 1179 a
256 1141 567 1195 prominentia
592 1170 603 1180 .

255 1197 505 1240 Barbatum
533 1231 543 1249 ,
579 1199 852 1240 maculatam
868 1206 1052 1255 pectore
1079 1229 1090 1248 ,
1124 1196 1241 1238 idest
1286 1197 1335 1237 in
1379 1202 1508 1253 parte

197 1258 346 1300 media
385 1258 557 1300 dorsali
587 1292 597 1301 .

256 1317 393 1361 Lobis
424 1318 685 1360 lateralibus
716 1320 910 1369 comicis,
946 1317 1145 1375 deflexis,
1181 1317 1446 1366 recurvatis,
1480 1329 1507 1356 a

198 1377 375 1430 forma,
409 1387 454 1421 et
486 1379 737 1421 directione
770 1394 931 1420 eorum
952 1409 960 1420 .

259 1439 403 1495 Apice
446 1439 701 1481 sabalatam
726 1472 737 1490 ,
791 1446 1096 1481 mucronatam
1129 1468 1139 1486 ‚
1187 1436 1469 1478 convolutum
1496 1466 1508 1485 ,

202 1501 601 1555 appendiculatam
632 1501 690 1541 ab
722 1500 930 1541 acumine
965 1499 1199 1548 tenuiori,
1232 1496 1379 1538 forma
1432 1509 1511 1536 su-

201 1559 319 1600 bulae
341 1592 351 1610 ‚
378 1558 452 1601 vel
482 1561 693 1601 crassiori
720 1593 730 1610 ,
765 1568 810 1600 et
843 1558 1084 1616 rigidiori,
1117 1558 1175 1598 ab
1203 1559 1329 1614 apice
1363 1558 1509 1596 intor-

201 1627 246 1659 to
276 1651 287 1669 ,
321 1627 402 1660 aut
433 1628 569 1661 aucto
614 1620 863 1676 appendice
890 1651 901 1669 ‚
931 1633 1009 1660 seu
1041 1616 1233 1658 cristula
1252 1649 1263 1668 ,
1290 1631 1410 1657 nunc
1443 1618 1508 1655 in-

200 1677 318 1719 flexa
344 1711 354 1729 ‚
387 1694 508 1720 nunc
543 1678 709 1721 reflexa
733 1712 742 1722 .

270 1738 485 1781 Villosum
505 1772 514 1789 ,
549 1740 860 1781 holosericam
891 1740 936 1778 in
969 1736 1083 1778 facie
1116 1737 1367 1793 superiori.

201 1798 412 1855 Denique
434 1799 608 1840 corolla
627 1798 893 1855 irregularis
915 1795 1181 1855 polypetala
1197 1797 1367 1837 dicitur

263 1857 516 1909 Anomala‚
565 1874 670 1899 cum
720 1858 903 1899 abludit
943 1857 1000 1898 ad
1050 1857 1262 1897 omnibus
1316 1854 1475 1896 formis
1495 1887 1506 1905 ,

202 1919 443 1976 hucusque
493 1919 732 1977 descriptis
769 1949 780 1968 ‚
832 1925 880 1958 et
935 1917 1197 1958 diversitate
1247 1915 1508 1974 petalorum

205 1978 451 2036 singularis
475 2010 485 2020 .

204 2038 366 2091 Quoad
407 2036 609 2096 reliquas
652 2040 956 2096 proprietates
1003 2035 1237 2095 generales
1283 2034 1466 2078 corollae
1497 2068 1509 2086 ‚

205 2099 296 2140 haec
319 2106 386 2141 est

265 2158 472 2215 AEqualis
496 2173 629 2209 ,cum
661 2157 814 2215 petala
844 2158 995 2199 onmia
1025 2164 1131 2200 sunt
1151 2156 1268 2197 inter
1293 2171 1338 2198 se
1368 2171 1514 2214 aequa-

209 2218 274 2260 lia
305 2219 451 2261 forma
475 2251 484 2267 ‚
514 2226 559 2260 et
590 2218 906 2275 magnitudine
935 2250 945 2260 .

267 2278 541 2337 Itzaeqaala's,
593 2279 710 2320 idest
761 2279 972 2336 partibus
1024 2291 1105 2318 nec
1159 2277 1474 2336 magnitudine
1501 2308 1512 2327 ,

208 2354 291 2380 nec
323 2341 619 2399 proportione
651 2339 738 2381 sibi
771 2337 1152 2397 respondentibus
1179 2369 1189 2380 .
