1669 2563
229 176 287 217 32

165 286 335 322 naturae
365 279 546 338 legibus
576 281 784 338 sequitur
812 312 824 331 ‚
881 279 1002 321 unde
1025 277 1090 330 fit,
1138 285 1192 320 ut
1215 277 1462 334 cotyledon

167 340 242 383 vel
276 340 544 397 hypogeum,
580 348 626 381 et
657 338 868 397 squalens
899 342 1019 382 intra
1045 347 1213 381 terram
1245 342 1464 382 continue

166 400 431 453 delitescat,
463 396 537 442 vel
588 402 780 458 epigaeus
810 416 834 442 e
866 408 986 442 terra
1039 406 1253 457 erumpat
1272 431 1284 451 ,
1317 407 1364 441 et
1393 402 1464 442 vi-

168 468 342 503 rescat.

225 521 278 577 §.
309 535 403 563 112.
436 520 577 578 Atqui
615 520 726 562 dum
778 520 869 562 haec
913 522 961 561 in
1005 522 1206 577 germine
1258 519 1465 560 exterius

165 582 470 638 contingunt,
531 583 631 638 pari
662 588 796 638 pacto
841 588 895 622 et·
935 589 1086 637 partes
1139 581 1238 635 ejus
1281 581 1467 620 internae

166 639 415 698 patefiunt.
449 640 570 682 Nam
601 656 697 698 quae
729 641 985 682 substantia
1015 647 1118 681 ante
1172 640 1468 697 germinatio-

168 716 272 743 nem
286 700 438 743 fuerat
457 699 711 752 uniformis,
728 716 809 742 nec
830 701 1074 743 videbatur
1100 701 1328 757 organica,
1346 713 1468 740 nunc

168 763 335 819 partim
377 763 425 802 in
455 759 724 803 cellularem
753 769 959 802 mutatur
985 768 1160 802 textum
1188 792 1199 810 ‚
1233 761 1400 817 partim
1421 761 1468 800 in

164 821 480 872 vascularffln,
515 820 820 878 fasciculique
851 836 1068 862 vasorum
1100 822 1162 862 sic
1194 821 1311 860 inter
1345 835 1389 861 se
1422 834 1468 860 se

167 879 315 922 dissiti
359 889 638 931 nascuntur,
676 888 730 921 ut
765 880 896 922 nulla
946 880 1185 937 hucusque
1233 880 1467 920 distinctio

165 943 225 982 sit
254 944 372 983 inter
403 940 801 996 dicotyledoneam
826 973 837 991 ‚
870 939 947 982 vel
980 939 1471 995 monocotyledoneam

167 1000 388 1058 plantam.
422 1001 586 1043 Statim
617 1008 771 1041 autem
803 1001 1068 1055 conjunctio
1099 1015 1314 1041 vasorum
1348 999 1471 1040 radi-

170 1060 284 1102 culae
316 1076 421 1103 cum
453 1060 683 1118 gemmula
698 1058 763 1111 fit,
791 1076 870 1117 per
903 1075 1041 1116 quam
1074 1074 1237 1101 succus
1266 1074 1292 1099 a
1317 1059 1470 1099 radice

167 1122 216 1161 in
247 1129 413 1162 terram
443 1119 591 1162 defixa
621 1120 791 1161 directe
824 1134 875 1161 eo
907 1120 1096 1160 ducitur
1115 1151 1126 1170 ‚
1155 1127 1201 1160 et
1233 1120 1357 1175 regIa
1387 1133 1470 1160 nu-

167 1182 367 1222 tritionis
397 1183 474 1222 via
502 1182 761 1222 instituitur
786 1211 797 1230 ,
831 1181 889 1221 ab
922 1181 1137 1221 extremis
1161 1178 1379 1221 videlicet
1400 1194 1471 1220 ra-

167 1240 349 1282 dicibus
380 1242 428 1282 in
460 1239 642 1281 caulem
661 1272 671 1281 .

228 1300 272 1356 §.
311 1302 407 1342 113.
439 1298 509 1340 Ex
541 1299 665 1340 hisce
698 1298 910 1339 omnibus
940 1297 1197 1356 putandum
1227 1312 1317 1339 non
1373 1303 1471 1347 est,

166 1366 317 1402 totum
363 1361 706 1416 germinationis
761 1372 877 1416 opus
928 1358 1136 1399 humoris
1181 1358 1356 1399 externi
1408 1372 1473 1398 se-

166 1435 270 1461 men
301 1420 540 1462 subeuntis
570 1417 749 1460 auxilio
776 1416 987 1460 absolvi.
1020 1419 1109 1458 Aer
1142 1420 1280 1467 enim,
1313 1416 1465 1468 calor,

165 1479 251 1521 lux
277 1511 288 1529 ‚
321 1479 599 1521 electricitas
631 1479 815 1519 humori
845 1477 957 1519 huic
1004 1492 1137 1534 opem
1187 1478 1471 1534 potissimam

165 1538 320 1581 ferunt
342 1571 351 1581 .
383 1539 595 1580 Attamen
625 1537 780 1594 liquor
807 1541 895 1577 iste
927 1539 1076 1594 primo
1101 1569 1111 1587 ,
1146 1546 1190 1578 et
1240 1538 1469 1593 praecipuo

167 1598 379 1657 fungitur
411 1597 559 1640 officio
580 1630 592 1648 ‚
624 1606 670 1638 et
694 1604 864 1638 certam
895 1599 941 1636 in
974 1611 1254 1653 unoquoque
1301 1599 1470 1639 semine

166 1660 509 1717 proportionem
541 1665 661 1699 tenet
683 1672 787 1698 cum
812 1655 1002 1713 reliquis
1029 1657 1338 1698 excitantibus
1363 1671 1470 1697 cau-

168 1721 228 1761 sis
275 1751 286 1770 ,
318 1726 365 1760 et
395 1720 619 1775 praecipue
650 1731 756 1757 cuin
809 1731 910 1757 aere
932 1749 944 1767 ‚
992 1718 1074 1773 qui
1124 1725 1233 1757 tunc
1288 1724 1467 1758 tantum

168 1794 352 1836 germen
382 1777 521 1819 afficit
548 1810 558 1827 ,
613 1792 719 1818 cum
751 1779 796 1817 in
831 1776 968 1817 hocce
1015 1776 1196 1834 liquore
1248 1776 1429 1817 solutus
1456 1809 1466 1819 .

168 1840 320 1892 Quare
351 1853 486 1896 aqua,
520 1853 626 1878 cum
648 1851 795 1877 semen
825 1837 1082 1893 ingreditur
1108 1837 1289 1891 majori,
1326 1852 1468 1893 quam

168 1914 252 1956 par
283 1905 350 1940 est
371 1931 381 1948 ‚
414 1899 669 1954 quantitate
690 1929 700 1947 ‚
733 1904 1005 1938 nocumento
1049 1896 1121 1937 1111
1156 1904 1222 1938 est
1246 1928 1257 1947 ,
1310 1896 1469 1938 trahit-

167 1973 258 2016 que
289 1958 346 1999 ad
377 1959 717 2015 corruptionem
737 1988 748 2007 ,
781 1964 827 1997 et
857 1956 1212 1998 destructionem
1242 1988 1252 1998 .

229 2018 272 2074 §.
312 2020 405 2072 114.
436 2017 808 2059 Animadvertere
838 2031 1023 2074 quoque
1052 2018 1211 2072 juvat,
1246 2018 1469 2073 germina-

169 2078 341 2119 tionem
366 2092 456 2119 non
487 2093 660 2135 semper
693 2077 852 2118 haberi
880 2108 889 2126 ,
925 2092 1029 2118 cum
1051 2093 1199 2118 semen
1225 2093 1280 2117 ex
1307 2078 1468 2118 absor-

171 2147 251 2196 pto
282 2137 472 2179 humore
505 2145 659 2195 turget
682 2170 691 2179 .
725 2137 930 2194 Turgent
962 2139 1081 2179 enim
1114 2139 1284 2178 semina
1317 2139 1468 2178 omnia

168 2198 243 2240 vel
272 2200 590 2256 antiquissima
619 2200 743 2239 intra
788 2212 954 2254 aquam
983 2231 993 2249 ,
1017 2199 1065 2238 in
1108 2198 1280 2254 quibus
1333 2196 1468 2238 nulla

172 2260 242 2300 vis
273 2260 373 2299 vitae
404 2258 605 2315 amplius
636 2266 704 2299 est
727 2290 738 2308 ‚
771 2265 958 2313 turgent
988 2259 1036 2298 in
1082 2259 1180 2315 ipsa
1212 2273 1333 2315 aqua
1362 2256 1467 2298 bul-

172 2318 333 2372 licente,
355 2326 543 2377 turgent
567 2321 613 2363 in
630 2317 749 2370 oleo,
774 2319 821 2360 in
842 2327 987 2372 aceto,
1011 2321 1059 2361 in
1084 2318 1312 2361 solutione
1341 2317 1464 2367 salis,
