1669 2563
1258 75 1342 116 215

133 191 293 234 ovata,
316 182 573 240 prismatz'ca
591 212 602 230 ,
633 190 896 236 compressa,
926 177 1209 229 orbicularis,
1253 180 1421 236 empti-

133 258 187 284 ca
206 275 215 284 .

192 301 388 351 szbra,
414 296 681 356 pubescens,
712 303 971 346 tomentosa‚
1003 294 1188 346 hirsuta,
1221 296 1417 353 hispida,

134 362 290 405 scabra
317 393 326 409 ‚
349 357 598 401 aculeolata
625 388 636 406 ,
661 363 804 397 setosa
830 387 840 396 .

193 421 365 462 striata
395 432 473 474 per
504 414 837 473 longitudinem
860 445 870 456 .

191 480 410 527 Οοείαία,
441 490 467 516 a
524 475 837 532 prominentiis
881 470 1298 529 longitudinalibus
1349 488 1424 513 cx·-

133 540 312 596 quisitis
335 569 346 586 ‚
378 549 474 592 quae
506 535 552 575 in
593 533 813 574 diachena
844 531 1114 590 plerumque
1148 542 1422 581 occurrunt,

134 606 179 640 et
209 604 313 640 sunt
343 603 432 637 tres
458 627 470 646 ,
503 592 576 635 vel
608 595 813 651 quinque
837 624 849 644 ,
883 594 1032 634 rarius
1064 591 1220 649 plures
1246 624 1256 641 ,
1275 593 1426 631 utriu-

133 671 248 714 que.

192 715 334 757 Alata
378 713 437 756 ab
489 711 575 755 alis
628 711 984 754 membranaceis
1034 717 1263 753 costarum
1283 742 1294 759 ‚
1348 716 1428 751 aut

134 776 349 832 marginis
372 805 383 816 .

193 834 421 878 Coronam
452 830 784 891 appendicibus
815 826 1036 887 calycinis
1055 860 1065 871 .

203 892 496 936 Indivisibilis
525 892 583 934 ab
614 907 698 932 axe
730 905 811 931 suo
839 922 850 932 .

195 952 477 1012 Bipartibz'lis
501 984 512 1002 ‚
569 949 844 1008 tripartibilis
861 981 873 1000 ‚
922 947 1336 1007 quinquepartibilis
1361 978 1373 996 ,
1405 961 1431 987 a

138 1028 328 1056 numero
360 1012 634 1055 achenarum
665 1011 927 1051 maturitate
958 1008 1263 1051 secedentium
1286 1040 1296 1050 .

199 1073 413 1129 Fungosa
442 1088 468 1113 a
500 1071 752 1113 substantia
783 1068 1186 1126 parenchymatosa
1207 1101 1219 1121 ,
1250 1069 1434 1125 copiosa

141 1134 361 1190 epicarpii
392 1164 403 1183 ,
439 1133 532 1174 sive
564 1131 861 1188 integumenti
891 1130 1130 1171 exterioris
1152 1161 1162 1170 .

140 1194 196 1235 In
247 1191 499 1250 polachena
551 1198 721 1232 costata
772 1190 889 1230 inter
942 1196 1112 1230 costam
1135 1220 1146 1238 ,
1177 1195 1221 1229 et
1264 1193 1434 1228 costam

142 1260 250 1295 sunt
279 1252 589 1309 depressiones
621 1265 700 1308 per
731 1248 918 1306 longum
948 1248 1108 1299 ductae,
1141 1262 1237 1304 quae
1269 1261 1436 1288 vocan-

143 1321 220 1354 tur
253 1312 474 1354 valleculae
504 1342 514 1352 .
550 1310 672 1367 Saepe
704 1312 751 1350 in
782 1308 904 1350 hisce
935 1307 1178 1349 valleculis
1210 1307 1295 1348 suh
1339 1307 1437 1361 epi-

142 1374 299 1429 carpio
333 1379 438 1413 sunt
467 1367 795 1427 conceptacula
819 1367 1022 1426 quaedam
1051 1365 1403 1425 longitudiualia
1423 1397 1434 1413 ‚

143 1446 240 1489 quae
271 1432 503 1472 continent
535 1444 692 1470 succos
724 1431 962 1478 resinosos,
993 1427 1067 1468 vel
1101 1428 1309 1477 oleosos;
1348 1425 1437 1465 haec

142 1492 202 1532 ab
235 1492 466 1548 epicarpio
501 1496 784 1546 transparent
811 1520 823 1538 ‚
855 1495 899 1529 et
929 1488 1146 1529 dIcuntur
1178 1489 1292 1528 vittoe
1311 1518 1321 1537 ,
1355 1499 1440 1524 un—

145 1551 201 1592 de
234 1550 486 1607 polachena
517 1552 697 1591 vittata.
730 1548 1097 1605 Integumentum
1128 1548 1319 1587 interius
1365 1557 1435 1584 su-

145 1612 317 1653 stinens
347 1610 479 1651 hasce
509 1610 647 1651 vittas
671 1607 930 1665 appellatur
962 1606 1208 1649 membrana
1251 1619 1442 1663 sparga-

145 1670 347 1726 noplzora
374 1702 385 1711 .
416 1668 579 1727 Raplze
607 1676 674 1711 est
704 1669 999 1710 commissura
1028 1668 1303 1709 achenarum
1334 1680 1440 1708 cum

147 1729 463 1788 spermapodio
487 1762 499 1781 ‚
530 1743 626 1786 quae
657 1728 827 1769 dicitur

217 1790 392 1834 Vittata
415 1822 426 1841 ‚
459 1805 567 1831 cum
599 1788 690 1831 fert
724 1790 860 1830 vittas
887 1785 1143 1829 resiniferas
1165 1819 1174 1829 .

207 1850 361 1892 Plana
381 1881 393 1900 ,
422 1858 640 1892 excavata
659 1880 676 1902 9
727 1855 919 1903 angusta
937 1880 948 1898 ‚
1000 1848 1096 1889 lata
1115 1880 1126 1899 ,
1171 1846 1411 1889 Ζαῖὶαεοιιῖα
1430 1880 1440 1897 ,

155 1910 327 1952 sulcata
356 1941 367 1960 ‚
403 1919 600 1961 costam,
635 1910 763 1966 apice
787 1906 989 1964 potifera
1011 1941 1021 1950 .

210 1969 254 2024 ς.
287 1970 357 2023 46.
389 1969 577 2011 Samara
607 1978 673 2012 est
698 1969 1004 2026 pericarpium
1030 1966 1333 2017 indeffiscens,
1353 1982 1445 2007 mo-

154 2030 455 2085 nospermium
477 2063 488 2080 ,
542 2029 613 2070 vel
667 2029 1072 2086 oligospermium,
1116 2028 1400 2069 unilocularc
1432 2060 1441 2076 ,

156 2087 227 2128 vel
258 2088 509 2130 biloculare
534 2122 544 2139 ‚
578 2090 973 2131 membranaceum
994 2124 1004 2140 ‚
1053 2089 1250 2131 liberum
1295 2105 1321 2129 a
1374 2102 1444 2128 ca-

157 2147 259 2202 lyce
283 2180 293 2198 ,
326 2156 370 2189 et
400 2164 427 2190 a
458 2151 621 2191 semine
650 2183 660 2199 ,
691 2151 736 2189 in
770 2148 865 2190 alas
898 2151 1171 2205 productum
1203 2184 1212 2193 .
1244 2147 1443 2191 Mirbcli-

158 2221 211 2249 us
235 2209 470 2263 conjunxit
500 2224 605 2251 cum
636 2209 738 2251 aliis
770 2211 1031 2266 pericarpiis
1065 2212 1150 2253 sub
1173 2211 1407 2255 Cat-cerula
1434 2241 1441 2249 ,
