1669 2563
250 131 335 171 208

186 231 428 290 particulis
457 234 686 293 contiguis
704 267 714 286 ‚
742 234 1044 295 inaequalibus
1067 268 1078 287 ‚
1117 238 1241 280 varie
1285 237 1481 298 angula-

182 296 240 334 tis
266 326 276 344 ‚
312 308 408 350 quae
438 294 496 335 ad
527 310 658 338 axem
691 298 830 338 totius
862 311 1012 338 massae
1043 306 1358 354 convergunt.

240 352 529 406 Granulosa,
569 370 664 413 quae
715 358 884 413 pariter
929 359 975 397 in
1020 356 1244 398 massulas
1289 358 1407 402 duas
1454 373 1482 401 a

179 412 360 470 septulo
391 413 537 456 divisa
559 447 570 466 ,
601 430 800 473 quarum
830 430 1113 475 unaquaeque
1144 415 1194 457 fit
1214 422 1366 475 granis
1393 419 1478 462 mi-

175 476 310 516 nimis
329 507 339 525 ,
372 477 622 517 innumeris
647 508 658 527 ,
692 477 864 533 absque
897 476 1054 519 ordine
1085 479 1309 520 acervatis
1333 509 1343 521 .

236 533 424 586 Βοίἱαά,
458 550 553 592 quae
585 538 710 577 intus
741 535 983 578 uniformis
1007 569 1016 579 .
1051 537 1150 579 Haec
1200 552 1322 579 nunc
1375 539 1479 581 sim-

171 595 286 650 plex
310 627 322 645 ,
367 610 488 636 nunc
520 594 836 647 bz‘massulata,
870 595 943 637 vel
975 599 1383 653 quadrimassulata
1407 631 1418 641 .

238 653 402 696 Erecta
426 687 438 706 ‚
464 657 667 712 pendula
698 671 724 698 a
754 656 1002 697 directione
1028 690 1037 699 .

234 713 444 756 Caudata
473 746 485 766 ,
535 731 642 756 cum
692 718 920 757 instructa
966 731 1183 775 processu
1233 716 1440 761 filiformi
1465 749 1476 760 .

173 772 292 815 Huic
325 776 554 815 contraria
585 777 747 816 sessilis
770 807 780 816 .

173 833 320 875 Massa
348 832 550 890 pollinea
582 849 691 892 saepe
718 834 854 874 haeret
882 832 1128 876 caudicula
1174 851 1257 878 sua
1303 852 1475 894 corpu-

173 893 302 934 sculo
335 893 597 950 glandulari
622 927 634 945 ,
665 892 841 934 viscido
867 925 878 943 ,
911 894 1023 935 dum
1055 895 1207 936 adhuc
1243 898 1365 939 intra
1394 913 1477 938 an·-

172 950 351 993 theram
376 960 587 994 contenta
617 985 627 995 .
657 951 1005 1010 Corpusculum
1035 953 1176 997 hocce
1223 971 1250 997 a
1281 955 1477 998 Richar-

170 1012 229 1054 do
255 1013 425 1053 dicitur
457 1014 747 1055 retinaculum
770 1045 779 1054 .
813 1011 985 1069 Estque

228 1071 629 1128 Stigmatoideum,
663 1088 768 1114 cum
817 1074 939 1114 sistit
983 1087 1222 1130 processus
1265 1077 1472 1134 quinque

169 1135 392 1189 stigmatis
423 1135 472 1174 in
502 1135 788 1190 gynostemio
822 1132 1028 1189 regulari
1058 1166 1068 1175 .

228 1192 462 1249 Simplex,
497 1195 666 1250 duplex
697 1208 723 1234 a
753 1207 943 1234 numero
976 1192 1362 1251 corpusculorum
1390 1228 1403 1237 .

229 1252 564 1295 Bursiculatum
588 1287 598 1306 ,
628 1254 710 1295 ubi
740 1261 1004 1295 contentum
1029 1257 1149 1296 intra
1180 1254 1472 1299 bui-siculam

169 1321 438 1355 excavatam
483 1316 530 1355 in
575 1329 790 1372 processu
845 1316 1118 1371 gynostemii
1168 1315 1473 1372 irregularis,

168 1375 370 1430 stigmati
402 1376 756 1433 superimposito
780 1406 791 1426 ‚
825 1376 906 1432 qui
939 1374 1112 1417 dicitur
1144 1377 1370 1418 rostellum
1398 1408 1409 1419 .

228 1432 419 1477 Nudum
449 1466 461 1486 ,
497 1450 605 1476 cum
635 1442 762 1477 caret
791 1434 1033 1476 bursicula
1064 1467 1074 1477 .

168 1492 345 1551 Stigma
375 1496 422 1537 in
454 1497 736 1552 gynostemio
772 1494 976 1552 regulari
1008 1504 1074 1537 est

233 1554 511 1606 Terminale,
549 1557 642 1598 sive
674 1557 1080 1614 superimpositum
1112 1557 1298 1608 ovario,
1330 1563 1376 1599 et
1405 1564 1475 1599 tu-

168 1614 229 1657 bo
256 1614 535 1657 antherifero
552 1648 563 1656 .

225 1672 448 1716 Lobatum
471 1707 482 1726 ‚
515 1673 856 1731 quinquelobum
874 1707 887 1727 ,
914 1677 963 1719 in
993 1675 1172 1718 ambitu
1199 1708 1209 1718 .

227 1733 465 1777 Commune
495 1735 679 1777 duobus
710 1734 827 1777 stilis
846 1767 856 1778 .

227 1794 540 1851 Polliniferum
573 1827 584 1846 ,
635 1810 795 1852 gerens
840 1796 887 1837 in
941 1794 1122 1837 ambitu
1175 1793 1432 1838 retinacula
1457 1828 1469 1848 ‚

166 1854 339 1910 quibus
368 1869 519 1897 massae
551 1854 759 1912 pollineae
791 1854 958 1896 haerent
999 1854 1260 1897 caudiculis
1287 1857 1382 1898 suis
1400 1889 1412 1899 .

166 1914 344 1971 Stigma
377 1914 574 1957 basilare
605 1916 878 1972 gynostemii
910 1913 1178 1973 irregularis
1209 1921 1277 1956 est

225 1973 480 2017 concavum
497 2007 509 2026 ‚
545 1974 821 2017 horizontale
843 2006 855 2026 ‚
905 1974 1128 2032 obliquum
1152 1990 1179 2016 a
1207 1971 1357 2017 forma
1379 2007 1394 2027 ,
1426 1983 1473 2018 et

164 2033 414 2076 directione
432 2067 443 2078 .

228 2094 468 2137 Secernens
490 2127 502 2146 ‚
538 2092 775 2152 superficie
807 2108 889 2135 sua
931 2094 1167 2138 madidum
1187 2126 1198 2146 ,
1240 2094 1471 2138 viscidum

165 2155 213 2194 in
258 2157 464 2212 nuptiis.
517 2154 793 2210 Hujusmodi
841 2157 1005 2211 stigma
1049 2155 1132 2197 hac
1178 2157 1471 2212 potissimum

168 2215 345 2257 ratione
372 2231 398 2256 a
430 2214 661 2260 Richardo
694 2215 866 2258 dicitur
900 2217 1090 2273 gynizus
1108 2248 1120 2268 ,
1152 2215 1269 2259 idest
1291 2218 1469 2260 viscum

165 2273 449 2318 foemineum.
