1669 2563
1347 84 1420 127 151

202 202 423 245 perquam
456 189 621 230 minuti
658 193 763 228 sunt
782 218 792 235 ,
821 199 929 241 saepe
973 184 1028 225 ad
1054 183 1276 227 flammam
1297 187 1493 230 candelae

198 249 502 289 incenduntur
522 280 532 297 ,
565 254 609 288 et
639 244 844 301 flagrant,
877 251 930 283 ut
961 245 1004 283 in
1036 243 1322 300 Lycopodiis,
1359 248 1496 289 Schi-

196 307 599 364 Snzatopteridibus,
632 303 861 353 Filiabus,
887 302 1063 343 Μηδεὶς
1095 307 1333 362 contingit,
1368 309 1491 364 quod

196 382 302 408 cum
336 366 522 424 pollinis
553 366 792 422 proprium
846 364 904 402 sit
935 365 980 402 in
1013 362 1316 420 phaenogamis
1342 397 1353 414 ,
1413 367 1496 407 hac

201 427 256 467 de
290 443 336 468 re
387 425 541 482 plures
571 438 675 464 cum
731 422 908 463 Linnaeo
964 421 1227 464 habuerunt
1279 425 1499 480 gongylos

197 501 279 543 pro
312 484 483 543 polline
511 515 523 534 ,
557 483 632 525 sed
666 477 902 540 perperam
929 514 938 523 .
966 481 1035 522 Ex
1071 482 1398 537 cotyledonum
1426 485 1498 526 dc-

201 545 325 586 fectu
363 576 375 594 ,
429 559 485 584 ex
535 545 824 600 generatione
870 541 1093 584 invisibili
1122 574 1133 592 ,
1189 542 1306 584 forte
1360 545 1495 585 etiam

196 603 352 661 aliquo
392 609 524 659 pacto
579 603 757 644 diversa
808 601 994 660 gongyli
1050 602 1208 644 haberi
1265 612 1499 659 nequeunt

196 678 278 721 pro
331 663 580 704 seminibus
604 695 615 714 ,
671 663 879 719 quamvis
930 661 1277 705 Willdenowius
1331 665 1499 704 semina

199 724 397 764 dixerit.
450 723 712 780 Hedwigius
759 722 940 763 vocavit
995 736 1154 777 Sporas
1178 755 1189 773 ,
1243 721 1500 764 Richardus

195 783 432 839 sporulas,
465 781 702 824 Neckerus
732 781 962 832 besz‘mz'na,
996 782 1238 825 Mirbelius
1267 785 1496 833 seminum,

196 850 337 900 prout
366 850 575 884 auctores
606 844 680 884 isti
714 849 963 899 putarunt,
996 841 1220 900 gongylos
1251 841 1324 883 vel
1363 858 1500 900 gene—

196 905 371 943 ratione
403 910 556 952 certa,
589 910 633 943 et
665 904 837 961 patenti
882 901 1022 944 fuisse
1075 901 1356 945 foecundatos
1379 935 1390 953 ,
1426 902 1498 944 vel

200 964 488 1020 generatione
520 977 673 1004 carere
700 995 710 1013 ,
742 962 814 1003 vel
844 961 1060 1004 nucleum
1093 962 1371 1005 cellulosum
1405 965 1498 1003 sine

198 1022 421 1079 peculiari
455 1025 667 1080 organica
697 1030 928 1065 structura
960 1025 1145 1072 sistere,
1178 1024 1259 1081 qui
1291 1037 1398 1064 mox
1450 1026 1497 1063 in

201 1084 468 1139 organicum
498 1098 666 1140 corpus
696 1083 909 1124 abiturus
941 1084 999 1123 sit
1022 1114 1032 1124 .
1086 1083 1191 1136 Quae
1244 1098 1316 1124 res
1344 1115 1355 1133 ‚
1388 1097 1497 1124 011111

197 1144 347 1184 minus
377 1151 504 1183 certae
533 1175 543 1192 ,
576 1158 656 1184 nos
685 1144 868 1200 gongylc'
902 1156 1063 1184 nomen
1093 1159 1119 1184 a
1146 1142 1373 1185 Gaertnero
1399 1158 1497 1183 11111-

202 1209 385 1243 tuatum
411 1202 726 1252 adhibuimus,
759 1212 807 1243 at
838 1217 972 1244 sensu
1018 1203 1250 1259 paulisper
1282 1202 1460 1243 diverso
1492 1236 1501 1252 ,

200 1261 377 1304 scilicet
405 1262 562 1319 aliquo
595 1264 900 1320 generationis
944 1262 1080 1303 modo
1131 1263 1327 1303 admisso
1358 1294 1369 1312 ,
1420 1265 1502 1318 qui

199 1330 359 1363 contra
405 1322 620 1365 Gaertneri
676 1325 943 1364 sententiam
974 1337 1158 1380 germen
1181 1321 1371 1380 gongyli
1427 1322 1503 1363 foe-

200 1382 401 1423 cundare
427 1381 604 1424 valeat.

655 1501 1005 1558 Receptaculum
1045 1533 1054 1543 .

264 1620 308 1676 §.
340 1622 441 1674 448.
474 1620 658 1678 Organa
687 1620 1055 1678 reproductionis
1086 1622 1179 1662 sive
1210 1620 1467 1663 masculina
1496 1657 1506 1673 ‚

202 1682 294 1723 sive
327 1679 553 1722 foeminina
586 1683 724 1723 etiam
754 1683 801 1722 in
833 1678 1175 1735 acotyledoneis
1226 1681 1393 1723 luerent
1438 1697 1510 1722 re-

200 1740 442 1798 ceptaculo
476 1756 557 1783 suo
586 1775 597 1792 ,
630 1743 748 1783 idest
779 1749 921 1783 strato
954 1740 1139 1781 cuidam
1185 1741 1460 1798 glanduloso
1499 1776 1509 1793 ,

204 1803 473 1851 secernenti‚
519 1801 645 1858 quod
679 1816 762 1860 pro
818 1801 998 1843 officina
1054 1816 1214 1842 corum
1268 1804 1470 1844 omnium
1498 1837 1509 1853 ,

203 1876 300 1917 quae
333 1862 389 1902 ad
434 1864 770 1918 generationem
800 1894 810 1911 ,
844 1870 889 1903 et
942 1859 1284 1903 foecunditatem
1336 1877 1514 1919 promo—

208 1921 402 1962 vendam
432 1921 587 1964 valent
616 1955 626 1973 ,
660 1922 924 1964 habendum
950 1953 959 1962 .
993 1920 1356 1978 Receptaculum
1407 1921 1512 1961 hoc-

211 1995 261 2021 ce
295 1982 341 2021 in
372 1981 713 2037 acotyledoneis
743 1984 887 2039 magis
909 2013 920 2031 ,
953 1996 1090 2037 quam
1139 1982 1250 2024 alibi
1276 2015 1287 2033 ,
1346 1981 1511 2023 ludens

207 2038 356 2081 forma
379 2073 389 2082 .
421 2042 557 2083 Nunc
589 2051 877 2084 contractum
908 2042 994 2082 sub
1045 2042 1325 2098 genitalibus
1345 2074 1356 2093 ,
1389 2057 1510 2082 nunc

207 2114 455 2156 expansum
488 2117 626 2159 supra
657 2101 1057 2160 conceptaculum,
1083 2117 1285 2158 quocum
1317 2102 1510 2157 conjun-

209 2161 349 2215 gitur,
383 2162 573 2203 subinde
627 2165 763 2204 etiam
819 2165 1068 2219 sepimenta
1114 2162 1389 2220 incompleta
1437 2161 1510 2202 illi

209 2220 392 2276 praebet,
421 2229 473 2262 ut
504 2224 550 2262 in
583 2222 984 2280 Hydropteridc'bus
1015 2223 1265 2273 nonnullis,
1298 2223 1410 2264 alias
1441 2227 1511 2263 in-

210 2282 426 2322 tumescit
455 2284 504 2323 in
535 2281 724 2340 globum
754 2316 765 2334 ,
798 2285 1005 2340 exsurgit
1038 2285 1083 2324 in
1114 2283 1427 2335 columellam,
1461 2288 1507 2326 111
