1669 2563
306 101 387 140 228

295 201 695 258 Longitadinales,
731 200 802 242 vel
837 208 1093 242 transversae
1118 233 1128 249 ‚
1161 213 1264 240 curn
1297 208 1401 241 sunt
1453 210 1533 241 aut

237 262 639 321 perpendiculares
666 294 677 312 ‚
709 270 789 302 aut
824 260 1046 317 parallelas
1076 261 1171 302 basi
1204 261 1446 317 pericarpii
1467 293 1477 302 .

297 323 551 380 Itztroflexoe
570 355 588 376 ,
619 337 723 362 cum
751 318 1047 362 inflectuntur
1099 320 1382 377 marginibus
1438 322 1533 361 suis

237 383 294 424 ad
325 385 543 425 interiora
576 383 817 440 pericarpii
848 397 859 430 ς
891 396 986 438 quae
1006 414 1016 431 ,
1061 381 1142 422 ubi
1187 379 1334 421 valvis
1381 381 1539 436 proxi-

238 445 324 484 mis
354 443 608 484 adhaereant
639 449 766 499 parte
789 438 969 491 inflexa,
1001 443 1272 496 conjunctim
1297 439 1540 495 introflexae

237 503 435 544 audiunt
457 535 468 553 ‚
514 510 671 544 contra
722 516 829 543 vero
888 503 1095 544 distincte
1126 501 1398 557 int-roflexae,
1432 514 1539 540 cum

238 562 392 604 liberae
418 571 650 604 remanent
666 594 677 603 .

296 622 617 679 Bipartz‘biles,
650 636 757 662 cum
789 633 1072 679 unaquaeque
1116 619 1266 669 valva,
1298 626 1541 677 postquam

238 696 264 722 a
295 685 504 739 proxima
557 683 736 724 secessit
761 712 773 731 ,
811 682 980 722 iterum
1010 680 1197 722 finditur
1230 682 1276 720 in
1306 680 1420 721 duas
1461 695 1541 736 per

238 740 571 799 longitudinem
593 756 719 782 suam
738 771 748 781 .

296 801 529 851 Elasticae,
562 804 653 843 sive
686 799 958 842 elasticitate
989 799 1263 841 dissilientes
1287 831 1297 841 .

300 860 532 917 Septiferoe
559 893 570 911 ‚
624 874 722 917 quae
775 866 942 915 gerunt
986 860 1358 916 dissepimentum
1401 857 1543 900 adna-

241 928 340 961 tum
370 920 504 961 faciei
536 922 719 960 internae
744 950 753 960 .

299 978 607 1036 Placentiferae
629 1011 644 1032 ,
675 976 929 1033 seminiferae
949 1008 965 1030 ,
1017 991 1116 1035 quae
1162 976 1320 1019 ferunt
1364 977 1543 1035 placen-

238 1047 329 1080 tam
364 1040 602 1081 haerentem
625 1071 636 1090 ‚
661 1038 763 1079 ideo
796 1039 961 1078 semina
980 1069 990 1080 .

297 1099 458 1142 Plance
482 1132 493 1150 ,
522 1113 728 1142 concavae
751 1133 763 1152 ‚
797 1100 1009 1139 carinatae
1034 1130 1045 1149 ,
1078 1097 1356 1141 naviculares
1382 1128 1393 1138 .

298 1160 589 1216 Operculares
619 1159 765 1201 forma
800 1157 1009 1217 operculi
1033 1191 1044 1209 ‚
1077 1166 1130 1198 ut
1160 1159 1208 1199 in
1231 1155 1423 1215 capsula
1453 1157 1541 1197 cir-

238 1234 486 1262 cumscrssa
518 1252 528 1262 .

299 1280 343 1336 §.
378 1295 448 1337 71.
484 1280 663 1323 Suturae
691 1312 702 1331 ‚
730 1279 903 1338 quibus
955 1276 1098 1320 valvae
1149 1277 1499 1334 conjunguntur
1529 1309 1541 1327 ‚

240 1349 348 1381 sunt

298 1400 495 1443 Sulcatae
519 1433 529 1451 ,
564 1413 766 1451 recessae,
797 1414 903 1440 curn
934 1406 1053 1440 stant
1081 1399 1202 1439 intra
1235 1396 1415 1438 sulcum
1439 1429 1450 1438 .

300 1461 607 1503 Prominentes
629 1494 640 1512 ,
679 1462 771 1502 sitae
803 1461 851 1502 in
882 1458 1003 1501 linea
1034 1466 1218 1500 extante
1252 1472 1391 1515 supra
1421 1458 1546 1514 peri-

241 1523 451 1578 carpium
475 1553 486 1562 .

300 1581 449 1623 Alatae
477 1613 488 1631 ‚
508 1580 748 1638 pteroideae
770 1611 782 1630 ‚
813 1594 919 1621 cum
950 1578 1073 1621 linea
1123 1577 1345 1620 suturalis
1387 1584 1547 1619 extans

240 1641 518 1698 producitur
552 1643 598 1682 in
630 1640 752 1682 alam
775 1671 787 1682 .

300 1700 344 1756 §.
380 1716 450 1757 72.
484 1701 821 1758 Dissepimenta
845 1732 856 1749 ‚
910 1713 1008 1756 quae
1038 1698 1255 1740 dividunt
1286 1699 1333 1738 in
1364 1694 1546 1738 loculos

240 1762 486 1802 cavitatem
519 1762 764 1818 pericarpii
784 1792 794 1810 ‚
828 1758 1118 1816 appellantur

298 1819 675 1876 Longitudinalc'a
698 1852 709 1870 ‚
743 1829 995 1861 transversa
1019 1849 1030 1868 ,
1062 1832 1183 1874 vaga
1210 1850 1222 1868 ,
1256 1824 1397 1874 prout
1435 1823 1544 1857 sunt

237 1880 506 1931 verticalia‚
542 1878 846 1921 horizontalia
871 1911 883 1929 ,
915 1886 998 1919 aut
1032 1879 1127 1920 sine
1158 1878 1412 1919 directione
1433 1890 1546 1917 eon-

242 1942 378 1983 stanti
404 1942 525 1982 intra
554 1940 675 1981 idem
706 1940 1014 1997 pericarpium
1043 1969 1053 1979 .

299 2000 536 2043 Generalia
565 2033 577 2052 ‚
629 2014 828 2057 quorum
881 1997 1060 2057 singula
1105 1999 1278 2055 integre
1331 1996 1549 2038 dividunt

238 2068 387 2102 totum
418 2062 731 2118 pericarpium
764 2061 811 2100 in
844 2059 961 2101 duos
992 2057 1207 2107 loculos;
1238 2071 1384 2114 quare
1424 2056 1548 2098 idem

239 2121 615 2178 dissepimentum
641 2122 859 2177 utrinque
891 2118 1028 2161 haeret
1059 2132 1170 2161 cavo
1204 2118 1449 2176 pericarpii
1477 2149 1487 2158 .

301 2181 533 2222 Partialia
559 2214 569 2232 ‚
603 2195 701 2237 quae
732 2195 824 2222 uno
857 2188 1035 2222 tantum
1068 2178 1210 2220 latere
1241 2178 1412 2220 haerent
1436 2191 1548 2219 cavo

242 2242 496 2300 pericarpii
527 2275 538 2292 ‚
571 2241 673 2282 ideo
699 2256 755 2283 ex
789 2256 834 2283 se
865 2242 1042 2299 integre
1073 2254 1163 2282 non
1196 2238 1410 2282 dividunt
1463 2236 1551 2280 hoc
