1669 2563
1390 217 1444 260 27

207 314 296 340 non
327 300 552 343 abludant
584 316 608 340 a
642 300 929 357 reliquorum
982 304 1201 345 seminum
1254 308 1461 362 partibus
1489 344 1500 361 ‚

211 363 386 402 nomina
412 394 423 411 ‚
456 368 500 401 et
531 360 728 402 officium
772 375 928 402 eorum
977 377 1138 418 parum
1190 374 1291 421 apte
1335 371 1505 409 consti—

214 423 307 460 tuit
338 452 347 461 .

270 480 315 534 ᾗ.
362 480 434 535 98.
480 479 572 521 Alii
627 482 814 538 insuper
861 480 1051 522 fuerunt
1078 515 1088 532 ‚
1122 484 1203 539 qui
1251 484 1506 529 radiculam

209 553 337 595 posse
380 541 428 579 in
469 542 670 597 germine
714 540 903 583 deficere
927 549 1251 593 autumarunt,
1283 555 1506 601 negarunt

209 597 290 638 alii
319 630 329 639 .
360 598 476 641 Litis
507 615 645 643 causa
679 616 829 643 semen
860 601 1118 654 Nelumbii‚
1151 604 1356 654 Jussiaeo,
1392 604 1507 647 Gaer-

205 665 335 700 tnero
360 691 372 709 ,
397 658 627 702 Richardo
655 694 666 711 ‚
698 661 905 704 Poitovio
925 695 936 713 ,
981 671 1026 704 et
1068 662 1284 705 Mirbelio
1329 664 1414 705 hac
1449 667 1505 707 de

206 734 255 760 re
287 718 663 763 decertantibus.

263 778 308 835 ὃ.
341 793 412 836 99.
446 780 606 822 Semen
637 780 869 826 Nelumbii
900 782 1040 825 habet
1070 799 1252 841 germen
1285 799 1419 825 suum
1441 787 1506 826 in-

206 845 276 879 tra
306 853 475 896 corpus
509 856 751 883 carnosum
782 858 949 901 magnae
981 844 1116 885 molis
1141 876 1153 894 ,
1188 844 1506 902 profundeque

204 899 479 956 bipartitum
498 934 508 943 .
540 899 735 944 Germen
772 902 858 945 hoe
891 912 1016 945 recta
1046 904 1280 946 deseendit
1301 907 1421 946 intra
1448 906 1508 946 il-

204 957 288 1000 lud
307 991 318 1010 ,
351 967 398 1001 et
422 976 528 1003 eum
551 963 648 1003 basi
675 965 773 1019 ejus
796 966 1110 1015 connectitur,
1135 964 1506 1023 gemmulamque

202 1021 470 1062 membrana
512 1026 731 1079 praetenui
782 1024 1052 1066 obvolutam
1096 1027 1248 1082 gerit.
1293 1026 1505 1074 Jussiaeus

201 1080 335 1121 initio
366 1113 378 1131 ‚
410 1081 572 1124 deinde
604 1082 863 1126 Riehardus
893 1085 1204 1127 membranam
1248 1087 1379 1126 istam
1430 1086 1508 1127 ha-

202 1139 409 1182 buerunt
440 1157 522 1200 pro
554 1143 830 1199 cotyledone
850 1177 861 1195 ‚
893 1156 937 1187 et
961 1160 1129 1203 corpus
1153 1160 1393 1187 carnosum
1422 1162 1505 1203 pro

204 1200 448 1245 radicula.
486 1202 744 1246 Gaertnerus
789 1208 982 1262 sumpsit
1033 1206 1120 1247 hoe
1164 1206 1285 1246 idem
1336 1221 1507 1263 eorpus

202 1274 447 1302 carnosum
479 1278 562 1319 pro
594 1263 755 1305 vitello
788 1279 870 1305 suo
899 1296 910 1315 ,
943 1265 1020 1306 sed.
1053 1267 1246 1307 obscure
1278 1266 1333 1307 de
1380 1267 1505 1307 radi-

202 1319 313 1361 cula
343 1320 568 1378 loquutus
598 1331 665 1364 est
688 1356 698 1365 .
732 1323 969 1366 Poitovius
1015 1327 1328 1367 membranam
1379 1342 1505 1383 gem-

202 1380 336 1422 mulae
381 1396 470 1422 non
501 1383 821 1438 cotyledonem
865 1400 959 1426 esse
986 1417 997 1435 ,
1032 1386 1108 1427 sed
1151 1388 1361 1443 vaginam
1405 1402 1503 1428 ma-

202 1439 309 1481 vult
332 1472 345 1490 ,
376 1443 552 1498 vaginis
583 1444 914 1499 propemodum
947 1445 1139 1487 similem
1159 1478 1170 1496 ,
1204 1447 1374 1503 quibus
1397 1462 1507 1488 sue-

201 1499 413 1542 cedentia
444 1500 557 1541 folia
588 1502 863 1545 obvelantur
887 1537 900 1554 ,
932 1519 1176 1546 carnosum
1206 1520 1374 1562 corpus
1418 1522 1505 1562 pro

205 1559 394 1602 duobus
419 1560 777 1616 cotyledonibus
807 1562 1071 1605 habendum
1096 1567 1298 1615 censuit,
1324 1565 1505 1607 radicu-

206 1618 298 1660 lam
329 1627 484 1662 autem
515 1622 756 1680 denegavit
798 1624 876 1665 isti
922 1626 1109 1666 semini.
1142 1624 1386 1666 Mirbelius
1437 1642 1504 1667 as·-

203 1680 398 1722 sentitur
429 1680 637 1724 Poitovio
661 1710 674 1733 5
706 1698 906 1741 cumque
935 1684 1131 1735 viderit,
1163 1699 1269 1726 vasa
1299 1685 1506 1742 quaedam

204 1740 261 1781 ad
291 1742 437 1782 imum
468 1756 636 1799 corpus
667 1758 908 1786 carnosum
934 1746 1052 1785 inter
1085 1760 1129 1786 se
1160 1747 1401 1786 convenire
1427 1778 1439 1796 ,
1462 1756 1507 1788 et

204 1800 344 1841 simul
368 1803 527 1857 juncta
558 1806 761 1844 exterius
790 1806 876 1846 sub
906 1803 1065 1845 eonuli
1097 1807 1246 1862 speeie
1288 1807 1506 1862 protube-

206 1876 308 1902 rare
333 1893 344 1912 ,
376 1862 543 1904 habuit
573 1862 664 1905 haec
695 1865 795 1921 ipsa
820 1879 904 1923 pro
932 1864 1142 1908 radicula
1162 1899 1173 1916 ‚
1212 1865 1290 1907 sed
1323 1866 1509 1907 radicu-

206 1920 254 1962 la
277 1923 413 1963 inerti
444 1955 454 1965 .

264 1981 309 2037 ς.
348 1996 444 2025 100.
470 1981 645 2026 Verum
674 1999 755 2035 ea,
788 1999 886 2043 quae
918 1983 1124 2043 perbelle
1159 1985 1375 2028 exhibuit
1411 1988 1507 2044 ipse

207 2040 450 2084 Mirhelius
470 2043 526 2086 de
547 2052 752 2086 anatome
772 2045 914 2102 hujus
939 2047 1140 2096 seminis,
1164 2048 1200 2088 si
1224 2049 1442 2104 penitius,
1463 2055 1510 2103 et

208 2104 331 2142 omni
363 2102 545 2146 theoriae
571 2104 679 2147 fuco
710 2115 863 2147 amoto
892 2138 903 2157 ,
936 2107 1238 2163 inspiciantur
1264 2139 1276 2157 ,
1312 2109 1510 2149 rationes

208 2163 504 2219 suppeditant
526 2197 537 2215 ‚
568 2180 666 2222 quae
709 2166 911 2208 eamdem
942 2174 1223 2209 structuram
1256 2170 1461 2223 partium
1496 2200 1507 2217 ‚

209 2236 261 2262 ac
293 2225 340 2264 in
372 2223 562 2281 reliquis
594 2227 844 2269 seminibus
875 2259 886 2274 ‚
913 2228 1053 2268 etiam
1082 2229 1130 2268 in
1161 2227 1402 2271 Nelumbio
1435 2242 1508 2267 es-

209 2295 255 2321 se
287 2297 473 2338 prorsus
493 2284 804 2329 demonstrant
827 2319 836 2328 .
865 2286 985 2329 Nam
1005 2302 1190 2344 germen
1213 2288 1311 2342 ejus
1333 2288 1389 2327 ad
1410 2301 1501 2327 ma-

209 2343 409 2399 eropoda
430 2347 674 2401 pertinere,
696 2354 750 2389 ut
788 2348 965 2404 primus
989 2347 1179 2390 tradidit
1203 2346 1458 2390 Richardus
1484 2378 1496 2398 ‚
