1669 2563
1312 111 1385 152 161

161 216 510 259 dodeeandriam
530 248 540 266 ,
589 214 896 270 didynamiam
920 244 931 263 ‚
965 212 1342 266 tetradynamiam
1365 247 1375 264 ,
1409 223 1454 256 ct

158 277 547 334 *polyadelphiarm
574 276 638 315 ita
659 281 711 314 ut
731 273 787 313 ad
813 272 976 314 classes
1009 272 1271 328 quindecim
1304 282 1453 316 totum

159 337 447 378 Linnaeanum
471 342 662 389 systema
695 331 918 389 redegerit
944 364 952 372 .
996 331 1165 372 Contra
1196 331 1452 374 Richardus

159 405 288 454 pater
319 397 508 437 retinuit
537 392 700 433 classes
743 391 910 432 Linnaei
937 406 961 431 a
986 390 1252 430 monandria
1282 392 1338 431 ad
1373 393 1453 432 de·-

157 456 410 503 candriam,
442 461 540 494 tum
570 451 913 508 polyandriam‚
940 450 1270 505 ‹lidynainiam‚
1311 459 1452 492 tetra—

158 516 414 570 dynamiam
426 544 437 563 ‚
468 510 835 568 monadelphiam
846 543 857 562 ‚
873 509 1197 567 diadelphiam‚
1212 508 1452 565 polyadel-

156 575 311 631 phiam
338 605 350 623 ‚
393 570 688 629 gynandriam
709 604 721 622 ‚
757 572 1034 612 monoeciam
1056 602 1066 619 ‚
1112 569 1357 617 dioecia1n3
1388 586 1451 610 re-

155 634 297 691 liquis
326 631 433 673 ver'o
464 632 743 681 immutatis,
775 638 857 672 aut
894 630 1146 687 suppressis
1174 660 1186 678 ‚
1226 629 1451 669 substitu-

154 694 191 733 it
221 691 316 734 illis
349 690 688 746 calycandriam
717 723 728 740 ‚
779 690 1143 746 hysterandriam
1169 721 1180 739 ,
1205 689 1449 743 synanthe-

155 755 303 802 riam,
335 750 777 808 symphysandriam,
810 749 1139 792 anomaleciam
1159 781 1169 799 ,
1207 750 1449 806 agamiam,

151 820 288 868 atque
314 814 379 852 ita
407 811 572 852 classes
604 811 827 852 Linnaeani
875 811 1130 866 systematis
1181 809 1237 849 ad
1286 811 1449 865 viginti

151 875 356 930 quinque
386 871 603 928 perduxit
630 903 638 912 .
670 870 860 913 Cunctis
891 878 1044 911 autem
1070 867 1449 910 reformatoribus

150 934 251 973 istis
281 946 351 972 res
400 945 489 972 non
539 932 652 972 bene
696 933 830 972 cessit
857 962 868 980 ,
907 944 1014 972 cum
1068 932 1338 970 recentiores
1363 960 1373 979 ‚
1403 938 1447 968 et

151 993 303 1049 magni
335 992 530 1032 nominis
560 992 760 1032 botanici
810 990 896 1032 viri
943 988 1195 1038 smithius,
1252 987 1448 1028 Desfon-

152 1052 368 1092 tainesius
393 1082 404 1101 ‚
437 1049 785 1092 Willdenowius
803 1082 814 1100 ‚
849 1047 1144 1106 Sprengelius
1176 1047 1311 1088 hodie
1338 1047 1448 1088 Lin-

151 1125 356 1152 naeanum
388 1117 582 1164 systema
613 1112 861 1167 integrum,
882 1118 925 1150 et
950 1111 1260 1157 immutatum,
1293 1108 1446 1164 quoad

152 1173 315 1229 viginti
346 1178 546 1227 quatuor
577 1169 741 1212 classes
770 1202 781 1220 ‚
814 1168 1076 1218 adhibeant,
1108 1176 1152 1209 et
1185 1166 1443 1224 praeferant.

299 1288 545 1331 Metlzodus
574 1288 753 1337 Jassiaec·
778 1321 787 1330 .
819 1287 993 1330 Classes
1008 1287 1269 1345 plantarum
1285 1317 1295 1327 .

209 1408 252 1463 ᾗ.
284 1422 326 1463 9.
359 1408 635 1449 Laurentius
666 1408 888 1448 Antonius
918 1407 1125 1455 Jussiaeus
1155 1405 1317 1447 iisdem
1343 1404 1447 1446 fun-

149 1466 369 1508 damentis
399 1469 603 1518 innixus,
633 1468 806 1525 quibus
826 1466 1081 1507 Bernardus
1104 1466 1317 1513 Jussiaeus
1344 1466 1445 1506 hor-

109 1557 111 1560 <
148 1534 247 1568 tum
271 1529 446 1585 regium
478 1527 831 1568 Trianonensem
870 1525 1176 1575 ordinaverat,
1211 1526 1445 1566 uliiversas

147 1587 326 1644 plantas
377 1589 424 1628 in
472 1586 715 1645 phalanges
766 1594 855 1628 tres
904 1586 1199 1642 dispertivit,
1245 1599 1443 1641 quarum

148 1646 427 1704 phalangum
461 1655 572 1688 notae
603 1662 628 1688 a
660 1648 892 1703 praesentia
917 1679 927 1695 ,
956 1644 1029 1687 vel
1057 1644 1239 1686 defectu
1269 1644 1441 1699 cotyle-

147 1707 319 1749 donum
369 1707 633 1764 desumptae.
666 1707 779 1748 Hinc
810 1706 978 1755 Jussiaei
1005 1705 1157 1746 verbis
1178 1702 1335 1762 plantae
1369 1704 1443 1745 vel

150 1768 486 1822 acotyledones,
517 1766 591 1809 vel
637 1767 1040 1824 monocotyledones
1065 1798 1076 1816 ‚
1109 1764 1182 1807 vel
1231 1765 1443 1820 dicotyle-

152 1829 303 1870 dones.

206 1886 251 1942 §.
288 1900 354 1930 10.
386 1886 448 1929 Ut
478 1901 585 1929 vero
617 1902 643 1928 a
668 1885 1029 1943 simplicioribus
1058 1884 1116 1927 ad
1147 1884 1290 1941 magis
1321 1898 1441 1925 com-

150 1948 296 2003 posita
337 1948 528 2004 gradum
579 1946 779 1997 faceret,
827 1945 1075 2004 phalanges
1127 1960 1230 1986 suas
1276 1946 1341 1984 ita
1393 1946 1442 1985 in

149 2005 312 2048 classes
341 2007 533 2058 dividit,
565 2015 617 2048 ut
647 2008 705 2049 ab
736 2006 1121 2062 acotyledonibus
1146 2037 1156 2055 ‚
1190 2018 1287 2061 quae
1335 2006 1441 2045 sim-

150 2065 400 2124 plicissimae
422 2070 640 2118 omnium,
658 2069 897 2124 inciperet.
921 2065 1130 2122 Cumque
1150 2067 1197 2106 in
1222 2064 1291 2105 his
1316 2064 1441 2120 plan-

151 2129 210 2167 tis
241 2140 408 2183 organa
437 2127 641 2169 sexualia
672 2126 764 2168 fere
795 2129 1089 2185 inconspicua
1137 2127 1226 2166 sint
1248 2157 1259 2174 ‚
1285 2133 1329 2165 et
1375 2126 1438 2163 in-

152 2185 334 2227 terdum
364 2186 584 2243 diclynia‚
608 2202 690 2229 nec
722 2187 777 2228 de
809 2189 1050 2229 staminum
1095 2188 1285 2242 origine,
1339 2198 1436 2240 quae

152 2247 352 2303 primum
386 2280 397 2299 ,
452 2255 499 2290 et
551 2250 828 2306 praecipuum
886 2246 1098 2288 classium
1154 2244 1435 2302 reliquarum

1153 2320 1195 2346 11
