1669 2563
276 128 358 179 224

214 237 257 269 ct
291 245 438 271 semen
457 264 465 271 .
501 231 662 273 Loculi
690 234 735 272 in
760 232 1036 289 quibusdam
1071 231 1235 289 plantis
1267 231 1499 291 replentur

216 288 359 346 pulpa
386 306 570 332 succosa
598 325 609 341 ‚
644 291 715 333 vel
748 307 931 334 mucosa
953 325 961 334 .
995 292 1235 347 Scytinum
1265 295 1503 351 conjungit

213 352 466 407 pericarpia
511 351 769 408 capsularia
818 368 924 393 cum
980 353 1181 394 baccatiS
1204 385 1213 394 .
1264 352 1502 395 Praesentia

211 408 451 451 valvarum
474 426 578 452 cum
610 414 778 453 sutuuis
830 411 1092 454 visibilibus
1117 445 1128 463 ,
1178 412 1288 454 licet
1322 413 1501 455 indehi-

212 471 469 521 scentibus,
496 479 542 512 et
564 473 749 513 insertio
781 475 1002 514 seminum
1041 474 1089 513 in
1133 487 1272 514 nervo
1322 472 1505 530 placen-

209 531 325 569 tario
369 531 647 573 unisuturali
699 531 1001 573 determinant
1048 540 1258 574 naturam
1289 534 1389 589 ejus
1432 548 1501 574 ca-

209 588 439 644 psularem
464 623 474 641 ,
507 599 553 632 et
582 590 759 633 faciunt
788 591 998 649 legumen
1015 592 1343 649 incompletum
1367 625 1378 635 .
1409 593 1503 634 Ha-

209 648 287 688 bet
318 648 474 705 plures
494 667 518 692 e
537 651 880 694 characteribus
907 654 1116 709 superius
1146 653 1263 695 datis
1280 685 1292 704 ,
1319 660 1366 694 et
1395 667 1501 710 prae-

210 715 337 749 terea
366 710 536 751 dicitur

267 767 450 809 Aridum
477 802 488 818 ,
530 770 809 826 pulposum,
861 784 1082 813 mucosum
1109 804 1120 822 ‚
1166 780 1306 828 prout
1349 769 1496 814 loculi

207 826 443 879 destituti,
470 837 552 870 aut
583 828 738 871 referti
771 828 914 886 pulpa
937 862 949 880 ‚
981 830 1053 872 vel
1083 845 1216 872 muco
1235 864 1245 873 .

740 946 943 1004 Capsula
964 980 975 989 .

261 1064 305 1120 ξ.
341 1065 410 1122 59.
442 1065 645 1124 Capsula
688 1074 756 1108 est
800 1068 1111 1125 pericarpium
1144 1065 1343 1109 liberum
1368 1100 1380 1118 ,
1423 1068 1499 1111 vel

199 1125 428 1167 adhaerens
456 1159 467 1177 ,
498 1128 764 1169 maturitate
794 1127 1030 1168 dehiscens
1060 1127 1188 1184 apice
1213 1159 1224 1177 ,
1256 1126 1330 1169 vel
1359 1129 1457 1170 basi
1486 1161 1498 1179 ‚

197 1199 303 1226 cum
334 1185 492 1229 evalve
520 1220 531 1238 ‚
563 1187 787 1229 lateribus
810 1219 827 1239 ,
859 1187 935 1229 vel
978 1186 1326 1229 horizontaliter
1346 1220 1358 1238 ,
1390 1203 1499 1230 cum

198 1245 432 1287 valvatum
453 1279 464 1297 ‚
499 1249 623 1289 intus
655 1246 945 1289 uniloculare
972 1281 983 1299 ‚
1017 1254 1100 1288 aut
1128 1246 1496 1299 multiloculare‚

196 1306 474 1349 instructum
526 1307 736 1365 placenta
787 1306 1047 1349 seminifera
1097 1321 1217 1348 nunc
1263 1307 1457 1349 centrali
1484 1341 1497 1359 ‚

196 1380 317 1406 nunc
349 1367 560 1424 parietali
584 1401 595 1419 ,
627 1370 692 1409 ita
723 1376 874 1409 tamen
904 1370 991 1411 sita
1022 1366 1164 1408 relate
1195 1367 1253 1408 ad
1277 1370 1498 1426 parietem

196 1429 533 1484 pericarpicum
561 1461 572 1479 ‚
620 1427 871 1485 valvasque
921 1427 1259 1470 circumdantes
1282 1460 1294 1478 ,
1334 1436 1389 1469 ut
1426 1443 1498 1470 ca-

196 1485 330 1541 psula
360 1503 596 1545 nunquam
627 1491 870 1530 conveniat
899 1503 1005 1530 cum
1032 1489 1301 1545 pericarpiis
1330 1503 1492 1545 capsu-

195 1545 372 1588 laribus
401 1548 495 1602 jam
532 1549 771 1607 descriptis
794 1581 804 1591 .
849 1549 949 1591 Haec
979 1551 1092 1590 mire
1138 1547 1262 1590 ludit
1304 1546 1452 1590 forma
1479 1580 1491 1598 ‚

196 1606 316 1646 unde
342 1607 513 1650 dicitur

259 1665 454 1712 Globosa
479 1700 490 1719 ‚
515 1670 705 1711 rotunda
733 1701 744 1719 ‚
774 1677 912 1711 ovata
936 1700 947 1719 ,
975 1667 1168 1711 obovata
1189 1699 1201 1718 ,
1235 1666 1462 1709 turbinata
1480 1700 1491 1718 ‚

197 1726 480 1781 cylindracecz
502 1761 512 1779 ,
545 1730 765 1784 angulosa
788 1762 799 1778 ‚
824 1731 1001 1785 trigona
1029 1760 1041 1778 ‚
1070 1737 1304 1782 tetragona
1333 1728 1413 1769 &a

253 1785 482 1842 Didyma,
515 1803 612 1845 quae
643 1788 789 1830 veluti
821 1788 972 1846 globis
1003 1788 1185 1830 duobus
1215 1788 1489 1844 conjunctis,

195 1847 324 1902 apice
356 1848 458 1888 sinn
482 1847 708 1890 distinctis
741 1847 966 1889 formatur
993 1880 1003 1890 .

251 1905 511 1962 Compressa
531 1939 541 1958 ‚
568 1908 746 1950 linearis
766 1942 778 1960 ‚
805 1909 1004 1964 elliptica
1020 1938 1038 1961 ,
1064 1905 1329 1959 obcordata,
1353 1921 1491 1949 emar·

190 1967 348 2021 ginata
372 1999 383 2016 ‚
417 1966 673 2008 orbicularis
690 1999 700 2009 .

250 2024 480 2081 Depressa
501 2028 559 2069 ab
593 2029 721 2085 apice
754 2027 899 2069 basim
931 2042 1088 2070 versus
1111 2059 1121 2068 .

257 2086 486 2128 Truncata
506 2119 516 2137 ‚
550 2086 706 2129 obtusa
724 2119 734 2138 ‚
769 2087 920 2129 lobata
942 2120 954 2138 ‚
988 2096 1124 2129 acuta
1149 2120 1159 2138 ,
1192 2088 1449 2129 acuminata
1474 2121 1485 2138 ‚

193 2154 384 2187 rostrata
408 2179 419 2197 ‚
447 2147 683 2189 birostrata
700 2180 712 2198 ‚
745 2151 994 2189 trirostrata
1020 2181 1032 2198 ‚
1065 2149 1146 2189 6-0.
1173 2149 1300 2203 apice
1324 2180 1334 2189 .

254 2206 395 2248 Alata
425 2206 595 2251 ab‘alis
625 2207 1041 2266 loi‘lgitudinalibus
1062 2241 1074 2262 ,
1103 2222 1217 2266 quas
1247 2208 1376 2263 juvat
1406 2223 1487 2249 nu-

191 2281 363 2308 merare
390 2300 399 2308 .
