1669 2563
1255 141 1339 198 295

162 243 450 287 Centimetros
476 277 485 295 ,
519 258 614 301 quae
647 244 891 298 aequiparat
923 242 1066 284 lineas
1097 252 1295 300 quatuor
1320 279 1330 295 ‚
1361 254 1407 286 et

101 313 310 361 quatuor
343 313 525 346 centum
575 303 762 358 triginta
794 309 883 342 tres
913 318 969 343 ex
1019 303 1146 344 mille
1201 307 1408 361 partibus

104 366 272 406 veteris
309 363 452 405 lineae.

162 424 439 465 Decimetros
465 453 476 471 ,
513 433 610 477 quae
642 418 937 475 amplectitur
974 419 1165 476 pollices
1198 430 1287 464 tres
1311 455 1321 473 ,
1354 422 1409 464 li-

104 498 212 525 neas
243 490 343 523 octo
367 514 378 531 ‚
412 489 457 522 et
494 487 753 521 tercentum
785 481 947 536 viginti
979 494 1140 521 novem
1181 497 1235 521 ex
1279 482 1407 524 mille

105 542 318 600 partibus
354 540 480 581 lineae
517 541 685 580 veteris
708 571 717 580 .

162 601 338 643 Metros
363 632 374 650 ,
409 614 507 656 quae
544 606 723 640 constat
756 597 952 654 pedibus
974 599 1140 649 tribus,
1164 598 1295 640 lineis
1326 613 1412 639 un-

103 661 282 710 decim,
322 667 368 700 et
412 661 483 701 bis
528 667 718 701 centum
768 660 1014 715 nonaginta
1053 674 1129 700 sex
1180 674 1234 699 ex
1284 658 1409 700 mille

100 721 311 779 partibus
342 718 466 761 lineae
488 721 651 760 veteris
669 751 678 760 .

292 838 579 882 Characteres
605 852 692 895 per
717 840 1199 895 appropinquationem
1220 867 1230 877 .

168 958 215 1014 §.
256 957 350 1000 161.
385 958 630 1000 structura
662 959 864 1015 partium
894 973 986 1000 non
1022 960 1086 998 ita
1128 972 1301 1014 semper
1340 972 1413 998 re-

113 1021 296 1076 peritur
329 1021 376 1059 in
408 1018 576 1075 plantis
603 1050 614 1068 ‚
647 1026 699 1057 ut
729 1019 1013 1059 exactissime
1045 1018 1314 1074 respondeat
1332 1031 1413 1058 vo-

115 1078 304 1119 cabulis
327 1110 338 1128 ‚
372 1093 469 1135 quae
502 1078 742 1134 hucusque
774 1077 1111 1134 explicuimus,
1143 1092 1340 1133 cumque
1366 1078 1412 1119 id

113 1138 224 1195 plus
258 1140 410 1179 minus
436 1141 642 1195 proxime
675 1136 751 1178 fiat
776 1170 786 1190 ,
819 1138 920 1178 ideo
962 1152 1058 1178 mos
1094 1138 1413 1178 botanicorum

113 1207 218 1249 est,
250 1199 526 1255 particulam
558 1197 636 1239 sub
668 1197 864 1253 adjicere
893 1196 1120 1240 vocabulo
1158 1200 1383 1255 praecipuo
1402 1233 1412 1251 ‚

113 1267 169 1299 ut
211 1260 703 1316 appropinquationem
747 1260 878 1299 istam
924 1266 1377 1315 p1·ae1nonst1·cnt;ex
1406 1288 1416 1298 .

114 1334 193 1375 gr.
223 1332 329 1358 011111
361 1318 522 1359 dicunt
572 1317 737 1359 solium
773 1317 1058 1368 athomum,
1103 1317 1416 1359 szvzbrotzmdzmz

114 1382 217 1428 δα,
254 1377 433 1420 caulem
459 1377 729 1434 subpilosztm
754 1411 764 1429 ‚
787 1377 1080 1419 sublzirsutum
1101 1380 1184 1418 6³³0.
1202 1410 1213 1427 ,
1248 1375 1417 1434 signifi-

116 1446 241 1488 cant,
266 1436 432 1479 folium
464 1453 557 1479 esse
579 1437 672 1479 fere
699 1447 902 1487 ovatum,
924 1446 1004 1478 aut
1036 1438 1127 1478 sen·
1150 1438 1415 1486 rotundum,

115 1497 302 1538 caulem
336 1513 428 1539 esse
472 1497 566 1539 fere
616 1497 839 1554 pilosum,
885 1506 965 1538 aut
1013 1496 1106 1538 fere
1150 1497 1377 1538 hirsutum
1405 1531 1415 1540 .

118 1557 247 1599 Alias
279 1573 386 1599 vero
413 1574 469 1599 ex
501 1559 683 1599 duobus
715 1557 952 1599 vocabulis
988 1567 1116 1598 notas
1168 1556 1320 1598 affines
1347 1560 1419 1600 111-

118 1618 389 1659 dicantibus
440 1633 585 1660 unum
630 1618 910 1660 vocabulum
961 1626 1241 1675 componunt
1265 1650 1276 1668 ,
1325 1633 1418 1674 quo

116 1678 371 1720 ostendunt
398 1710 409 1728 ,
442 1678 751 1721 characterem
782 1678 904 1719 hisce
934 1681 1052 1719 notis
1099 1677 1419 1719 intermedium

119 1738 244 1796 parti
267 1737 407 1779 alicui
441 1738 705 1796 plantarum
730 1741 872 1779 inesse
898 1771 908 1788 ,
940 1737 1056 1779 idest
1097 1746 1272 1796 partem
1301 1737 1419 1779 hanc

120 1798 274 1839 forma
307 1799 580 1839 intermedia
612 1807 836 1856 praestare3
867 1800 930 1839 ita
960 1813 1067 1839 cum
1116 1798 1277 1838 dicunt
1317 1797 1421 1839 foli-

124 1873 203 1899 um
251 1860 702 1900 ovato-lanceolatum
743 1891 754 1909 ,
798 1867 878 1898 aut
937 1859 1374 1899 lanceolata-lineare
1410 1892 1422 1908 ,

122 1917 394 1976 intelligunt
417 1918 582 1960 folium
614 1918 785 1960 habens
821 1917 1014 1959 formam
1056 1919 1251 1959 mediam
1303 1920 1421 1960 inter

124 1986 305 2019 ovatam
332 2011 343 2029 ‚
375 1987 420 2021 et
448 1977 750 2021 lanceolatam
775 2012 786 2029 ‚
818 1987 898 2019 aut
929 1981 1045 2019 inter
1100 1977 1419 2029 lanceolatam,

127 2047 173 2079 et
219 2036 435 2080 linearem
461 2072 470 2090 ,
504 2041 549 2080 in
598 2054 689 2096 quo
740 2039 924 2095 quidem
969 2038 1216 2096 praestando
1262 2053 1421 2096 proce÷

125 2098 243 2138 dunt
273 2114 299 2139 a
329 2098 574 2141 latitudine
606 2101 767 2154 majori
793 2099 847 2140 ad
880 2101 1100 2140 minorem
1126 2131 1135 2148 ,
1170 2113 1250 2139 nec
1282 2115 1308 2139 a
1334 2101 1422 2139 mi·-

128 2159 228 2199 nori
278 2158 334 2199 ad
366 2161 581 2214 majorem
611 2177 622 2209 3
655 2160 758 2200 hinc
782 2159 943 2200 dicunt
974 2159 1139 2200 folium
1171 2160 1422 2200 ovato-lan-

127 2220 378 2268 σεοῖαΐιιιη,
430 2235 511 2260 nec
563 2222 1032 2269 lanceolam-ovatum,
1082 2221 1288 2275 quamvis
1332 2234 1420 2259 non

125 2293 275 2322 omnes
300 2286 511 2321 auctores
543 2282 697 2321 stricte
722 2288 966 2337 sequantur
991 2280 1102 2321 hanc
1126 2279 1387 2320 methodum
1409 2313 1417 2320 .
