1669 2563
234 130 314 173 170

170 223 388 277 longiores
416 254 427 272 ,
447 221 679 275 breviores,
699 235 915 274 concavae,
936 221 1186 275 cucullatae,
1203 225 1459 277 convolutae,

167 291 335 333 erectae,
366 282 593 325 declinatae
614 317 625 332 ,
657 283 901 338 multifidae,
934 293 1243 326 marcescentes
1270 316 1279 326 .

230 341 579 386 Membranaceoe
606 377 616 395 ,
639 358 735 402 quae
760 351 918 386 tenues
944 376 956 395 ‚
987 341 1163 386 flexiles
1203 347 1296 387 sine
1346 351 1462 386 stre-

168 403 270 460 pitu
301 433 312 453 ,
343 401 448 460 plus
472 405 622 447 minus
652 402 917 462 pellucidae.

225 461 469 515 Scariosae,
501 478 598 521 quae
658 471 762 508 sunt
811 463 943 506 aridae
970 495 982 516 ,
1036 471 1283 521 strepentes
1310 495 1322 514 ‚
1365 462 1461 505 fere

168 521 405 580 pellucidae
422 555 432 565 .

228 582 510 625 Adhoerentes
529 614 540 633 ,
573 597 668 640 quae
698 582 899 642 plurima
931 584 1001 625 sui
1017 581 1302 642 longitudine
1323 582 1463 625 adna-

167 650 356 683 scuntur
400 642 663 700 pedunculo
692 675 702 685 .
1197 683 1199 685 .

227 701 431 760 Reliquae
461 703 754 745 bractearum
786 710 898 744 notae
929 718 955 744 a
984 705 1103 744 notis
1132 701 1350 744 foliorum
1382 719 1462 759 pe·-

165 761 306 803 tendae
330 794 339 803 .
373 762 433 803 At
465 770 703 819 sequentes
740 763 1030 804 bractearum
1079 763 1203 804 modi
1254 762 1461 821 peculia-

166 835 261 862 rem
292 829 521 864 merentur
553 824 848 864 attentionem
867 855 876 864 .

223 880 356 922 Folia
368 882 555 937 floralia
590 890 694 923 sunt
723 882 928 932 bracteae,
959 895 1055 938 quae
1079 880 1240 923 faciem
1257 881 1462 938 reliquo-

166 955 269 981 rum
298 939 516 982 foliorum
543 972 554 990 ,
585 955 667 981 nec
698 941 1058 997 magnitudinem
1085 972 1096 990 ,
1132 950 1309 982 servant
1327 973 1337 982 .

223 999 411 1055 Spatlzae
441 1007 548 1041 sunt
576 1000 783 1050 bracteae,
805 1014 900 1056 quae
931 997 1062 1040 flores
1088 1007 1190 1040 ante
1220 1002 1460 1056 expansio—

164 1073 268 1101 nem
296 1073 458 1102 eorum
478 1059 716 1102 obducunt
736 1091 748 1110 ,
781 1059 902 1100 unde
916 1059 1052 1115 flores
1071 1059 1301 1115 spathacez'
1322 1091 1331 1100 .
1355 1059 1461 1101 Pro-

162 1121 269 1177 priae
300 1127 405 1161 sunt
434 1120 699 1179 plantarum
730 1118 1270 1174 monocotyledonearum
1293 1151 1303 1161 .
1335 1119 1460 1161 Notae

164 1178 433 1236 spatharum
473 1188 592 1223 stant
622 1181 740 1221 inter
767 1187 894 1222 notas
923 1179 1212 1222 bractearum
1237 1212 1247 1222 .
1276 1178 1463 1221 Praeter-

162 1255 215 1280 ea
246 1239 409 1295 spathae
441 1248 546 1282 sunt

222 1298 433 1356 Umflorae
451 1333 461 1351 ,
491 1300 651 1357 biflorae
663 1331 680 1353 ,
715 1300 959 1358 multiflorae
981 1332 992 1351 ,
1025 1298 1318 1357 monoplzylloe
1347 1332 1358 1351 ,
1390 1301 1460 1341 di-

155 1357 326 1417 plzyllae
348 1391 360 1410 ,
387 1361 666 1418 polyplzyllae
691 1391 702 1401 .

220 1418 467 1464 Imbricatoe
498 1429 603 1463 sunt
634 1419 799 1478 spathae
831 1418 1111 1478 polyphyllae
1130 1453 1140 1471 ,
1163 1433 1358 1476 quarum
1389 1417 1461 1460 fo-

163 1476 276 1520 liola
309 1481 509 1523 invicem
534 1513 545 1532 ,
578 1487 623 1522 et
656 1483 906 1534 successive
931 1481 1309 1539 superimposita.

219 1537 428 1594 Lignosae
458 1556 485 1582 a
515 1541 807 1582 consistentia
832 1572 842 1581 .

219 1598 560 1657 Sacculiformes
589 1616 616 1642 a
645 1598 793 1641 forma
827 1602 942 1642 sacci
974 1599 1138 1642 clausi.

222 1658 612 1717 Hermaphroditus
632 1663 869 1714 ,monoicae
892 1693 904 1712 ‚
926 1662 1076 1703 dioicae
1099 1692 1110 1711 ‚
1150 1660 1401 1717 polygamae
1431 1675 1457 1701 a

160 1714 325 1760 florum
371 1736 480 1761 sexu
506 1753 516 1762 .

220 1777 507 1821 Involucrum
537 1778 714 1821 faciunt
742 1780 934 1822 bracteae
984 1777 1197 1829 foliaceae‚
1231 1794 1322 1820 una
1341 1812 1351 1830 ,
1384 1778 1458 1821 vel

161 1834 317 1895 plures
341 1871 352 1890 ‚
387 1854 483 1896 quae
515 1847 634 1881 stant
666 1840 751 1881 sub
784 1840 1004 1882 divisione
1037 1841 1253 1897 primaria
1286 1839 1456 1897 pedun-

160 1895 257 1938 culi
290 1898 533 1941 umbellati
552 1932 563 1950 ,
597 1914 687 1944 nec,
710 1897 867 1941 florem
898 1915 1099 1957 unquam
1136 1897 1375 1940 occultant
1398 1932 1408 1941 .

216 1956 536 2001 Involacellam
567 1958 744 2001 faciunt
773 1960 962 2002 bracteae
993 1959 1223 2015 ejusmodi
1267 1967 1454 2012 naturis,

159 2031 255 2074 quae
281 2026 400 2060 stant
431 2020 516 2061 sub
549 2019 852 2062 divisionibus
885 2019 1198 2072 secundariis,
1229 2021 1320 2060 sive
1363 2023 1456 2061 cir-

159 2091 212 2117 ca
245 2078 577 2121 subdivisiones
612 2079 862 2137 pedunculi
916 2079 1123 2137 partialis
1175 2077 1417 2121 umbellati
1443 2113 1453 2122 .

158 2136 441 2180 Involucram
468 2173 479 2190 ,
509 2148 554 2181 et
587 2140 891 2181 involucellam
942 2148 1008 2181 est
1040 2141 1282 2197 proprium
1346 2140 1456 2183 Um-

157 2196 419 2240 bellatarum
447 2232 456 2241 .
489 2199 748 2257 Utrumque
782 2200 924 2242 hahet
945 2208 1074 2250 notas
1104 2216 1130 2241 a
1154 2201 1275 2243 notis
1313 2198 1453 2243 folio-

160 2271 263 2300 rum
286 2260 502 2317 petendas
519 2292 529 2303 .
567 2259 784 2304 Praeterea
814 2261 983 2304 dicitur
