1669 2563
1447 144 1501 200 59

331 253 376 309 ξ,
418 268 512 310 1¹99.
566 248 824 306 Magnolius
854 247 974 296 vult,
1001 246 1305 303 pareuellyma
1356 247 1564 289 medulla>

270 313 504 356 ‘fruc-tibus
556 309 793 366 gignendis
825 340 836 357 ‚
886 305 1264 364 perficiendisque
1311 309 1526 349 inservire
1555 341 1563 348 .

270 374 416 430 Igitur
448 373 503 412 de
534 370 753 410 sententia
780 369 880 423 ejus
900 381 998 424 quae
1031 365 1193 422 plantae
1226 366 1432 407 medulla
1479 383 1564 423 pra),

268 434 437 474 caeteris
486 429 692 487 pollent,
726 428 915 468 ditiores
968 441 1154 484 quoque
1205 423 1436 465 fructibus
1460 458 1468 466 .
1508 430 1564 466 At

265 508 375 533 cum
406 489 561 532 ulmus
581 520 592 538 ‚
626 487 816 545 aliaeque
855 487 1018 544 plantae
1050 484 1256 526 medulla
1282 500 1363 525 sua
1387 489 1567 540 paucis-

267 555 379 592 sima
400 579 415 600 ³
448 549 685 591 fructibus
714 563 823 590 vero
854 547 1178 604 copiosissimis
1205 545 1250 585 id
1282 546 1468 585 minime
1489 560 1568 586 ve-

269 626 370 651 rum
402 625 496 651 esse
527 609 939 650 demonstraverint
961 639 972 658 ‚
1006 604 1228 665 Magnolii
1261 604 1470 646 doctrina
1502 607 1567 645 in-

265 669 442 711 firmata
464 668 594 710 illico
625 669 826 710 concidit
848 699 858 710 .

324 730 368 786 §.
402 743 504 771 200.
537 729 777 770 Rationem
793 726 1005 770 medullae
1026 725 1083 767 ad
1106 724 1313 767 fructum
1346 723 1438 765 alio
1469 739 1568 764 mo-

266 789 324 831 do
355 792 442 831 visi
476 798 582 830 sunt
605 789 822 846 amplecti
851 821 862 839 ‚
889 790 971 845 qui
1004 787 1118 828 olim
1144 788 1444 842 seripserunt,
1468 784 1569 824 fru-

262 858 390 890 ctum
422 849 582 891 haberi
629 865 759 907 posse
789 850 963 906 absque
996 847 1148 905 ligneo
1180 845 1363 895 nucleo,
1390 844 1567 885 medul-

263 909 308 950 la
339 909 572 952 destructa
602 942 612 952 .
644 911 789 967 Atqui
819 907 1058 951 Hamelius
1091 905 1313 964 perieulis
1348 907 1442 946 suis
1489 904 1569 944 (le-

263 973 548 1020 monstravit,
575 985 656 1012 nec
683 986 861 1011 omnem
888 967 1140 1010 medullam
1160 966 1333 1008 auferri
1360 980 1487 1023 posse
1509 965 1568 1006 ab

262 1031 437 1085 juniori
469 1030 626 1088 planta
659 1031 832 1088 absque
864 1031 1057 1071 interitu
1088 1029 1187 1083 ejus
1212 1059 1223 1077 ,
1256 1041 1337 1067 nec
1393 1034 1568 1082 partem

262 1090 475 1132 inedullae
501 1090 704 1133 ablatam
736 1090 902 1132 nucleo
924 1089 1180 1147 quidquam
1201 1087 1405 1129 obfuisse
1435 1118 1445 1127 .
1482 1085 1570 1142 Igi-

261 1159 338 1191 tur
370 1160 416 1192 et
447 1151 537 1193 haec
571 1153 689 1192 inter
722 1154 896 1192 somnia
929 1148 1217 1191 amandanda
1245 1179 1255 1188 .

316 1210 366 1266 §s
399 1226 501 1253 -20-1.
537 1211 749 1252 Halesius
782 1213 977 1268 spongiae
1022 1209 1126 1250 loco
1172 1207 1338 1249 hahuit
1393 1202 1570 1246 medul-

262 1268 355 1311 lam
381 1303 392 1321 ‚
432 1287 529 1328 quae
570 1286 677 1312 cum
722 1271 1016 1328 absorptione
1057 1270 1183 1309 succi
1240 1267 1445 1322 undique
1498 1264 1571 1304 di·-

263 1329 483 1382 latetur,
516 1333 682 1372 nititur
730 1332 778 1371 in
823 1345 993 1388 corpus
1046 1327 1251 1386 ligneum
1282 1357 1296 1376 ,
1354 1324 1569 1381 illudque

261 1389 494 1446 impellit,
528 1407 580 1432 ao
613 1391 884 1447 protrudit3
918 1389 1039 1431 unde
1060 1395 1360 1444 augmentum
1387 1383 1581 1442 plantae.‘

259 1449 366 1500 Quae
396 1464 504 1492 Vero
534 1450 739 1492 medulla
771 1466 851 1507 per
877 1449 1030 1491 radiOs
1074 1451 1197 1490 viam
1235 1446 1293 1487 ad
1336 1447 1569 1487 exteriora

262 1510 351 1550 sibi
384 1512 576 1561 sternit,
611 1510 701 1551 haec
733 1509 970 1566 gignendis
1003 1509 1140 1549 ramis
1164 1539 1176 1557 ,
1220 1506 1377 1555 foliis,
1431 1513 1569 1561 atque

262 1566 456 1612 floribus
487 1571 710 1612 inservit.
746 1571 890 1625 Siqua
931 1567 1282 1624 diaphragmata
1332 1568 1492 1605 insunt
1522 1568 1569 1605 in

259 1629 395 1670 caule
420 1662 431 1681 ,
457 1628 610 1672 fulera
642 1637 748 1672 sunt
781 1630 838 1671 ad
874 1630 1000 1670 nisus
1031 1625 1242 1669 medullae
1290 1624 1569 1682 impellentis

261 1691 548 1733 sustinendos
577 1723 588 1741 ,
621 1690 945 1748 augendosque
969 1722 979 1731 .
1013 1687 1102 1730 Sed
1139 1684 1344 1727 medulla
1395 1684 1569 1741 planta-

261 1765 363 1791 rum
388 1752 434 1792 in
467 1767 626 1794 earum
659 1750 976 1792 tantummodo
1008 1748 1201 1790 infantia
1233 1747 1463 1788 succosior
1485 1753 1567 1793 est,

261 1811 425 1853 deinde
455 1814 621 1854 arescit
645 1846 656 1863 ‚
689 1820 735 1853 et
766 1826 877 1868 saepe
909 1810 1166 1851 destruitur
1194 1824 1205 1857 3
1237 1805 1357 1848 fibrae
1389 1804 1564 1862 ligneae,

260 1886 368 1912 cum
400 1873 697 1914 induruerint
715 1905 725 1923 ‚
759 1871 882 1913 nulli
915 1873 959 1912 vi
986 1868 1241 1927 impellenti
1266 1865 1465 1923 amplius
1491 1881 1567 1907 ce—

259 1931 410 1982 dunt3
442 1935 551 1975 item
601 1933 751 1991 liquet
776 1947 832 1973 ex
862 1932 955 1988 jam
994 1931 1131 1972 dictis
1151 1961 1161 1980 ‚
1197 1926 1566 1982 dicotyledonea-

263 2006 366 2034 rum
398 1993 661 2050 plantarum
694 2000 992 2051 augmentum
1012 1990 1104 2032 alia
1131 1987 1462 2047 propemodum
1489 2002 1563 2027 ra-

264 2053 386 2095 tione
438 2056 702 2112 contingere
737 2086 748 2104 ,
794 2068 845 2094 ac
906 2053 965 2094 ab
1020 2050 1204 2093 Halesio
1254 2048 1559 2106 perhibetur;

261 2111 363 2154 ideo
394 2113 604 2156 doctrina
637 2116 737 2170 ejus
767 2116 886 2155 inter
941 2119 1198 2154 commenta
1248 2107 1524 2151 recensenda
1550 2139 1560 2147 .

323 2173 368 2227 ᾗ.
400 2189 498 2218 202.
531 2175 739 2217 Linnaeus
770 2175 970 2232 penitius
1001 2175 1048 2213 in
1092 2169 1305 2213 medullae
1360 2166 1561 2209 officium

264 2233 506 2288 inquisivit
531 2269 541 2286 ‚
572 2243 620 2277 at
650 2237 845 2277 nimium
874 2267 886 2284 ,
939 2249 1080 2291 quam
1130 2248 1212 2290 par
1244 2238 1311 2272 est
1334 2263 1345 2281 ‚
1379 2227 1450 2268 illi
1476 2229 1562 2268 tri-

265 2293 398 2337 buit.
431 2294 500 2337 Ex
532 2295 657 2337 foliis
685 2329 695 2346 ‚
731 2303 777 2337 et
806 2296 976 2336 cortice
1000 2291 1253 2335 medullam
1294 2289 1464 2331 nutriri
1496 2302 1561 2329 as-

268 2356 412 2407 serit,
444 2356 564 2398 unde
594 2356 682 2398 haec
715 2356 891 2413 puriori
922 2360 1102 2412 praestat
1134 2353 1336 2394 nutricio
1381 2362 1516 2391 succo
1543 2380 1554 2399 ,
