1669 2563
1255 133 1336 172 223

188 231 397 289 Inflatum
417 264 427 281 ‚
460 246 562 271 cum
595 227 899 271 vesioulosum
933 231 990 271 ab
1021 247 1122 272 aere
1161 242 1370 275 contento

131 294 388 334 membrana
412 290 644 333 valvarum
680 291 802 328 tenni
822 322 830 330 .

188 351 420 393 Falcatum
452 366 476 390 a
507 356 753 390 curvatura
779 348 909 389 falcis
935 350 1074 389 instar
1103 382 1112 391 .

193 409 507 465 Acinacc‘forme
530 441 541 458 ‚
575 407 689 449 facie
722 407 899 458 cultri,
939 407 1113 450 scilicet
1145 409 1249 451 hinc
1289 421 1414 454 costa

127 485 274 512 crassa
296 501 307 520 ,
340 469 441 510 inde
471 476 703 509 attenuata
732 499 741 509 .

185 529 481 578 Coclzleatam‚
513 535 774 569 contortum
804 525 967 569 helicis
999 528 1157 579 modo,
1191 531 1323 586 spiris
1348 529 1415 572 la-

127 589 223 638 xis,
254 586 326 629 vel
357 588 579 644 adpressis
606 619 616 629 .

183 646 365 688 Alatum
394 646 467 688 vel
497 647 552 688 ad
585 645 782 703 angulos
812 645 1200 704 longitudinales,
1238 647 1314 690 vel
1360 664 1417 690 u-

126 708 305 763 trinque
330 706 387 747 ad
417 714 587 748 costam
613 705 916 748 scminiferan·1
946 739 957 749 .

186 765 545 808 canaliculatum
563 799 574 818 ,
607 765 698 807 alte
725 765 955 810 sulcatum
985 774 1110 809 costa
1141 767 1417 818 seminifera,

126 825 197 867 vel
231 826 363 867 dorso
383 858 393 868 .

184 885 434 928 Dentatum
464 918 475 937 ,
511 888 733 929 sinuatum
763 886 810 928 in
848 899 941 928 uno
965 917 977 937 ‚
1009 894 1090 928 aut
1125 888 1172 928 in
1218 895 1420 946 utroque

132 947 332 1001 margine
355 978 365 987 .

189 1005 511 1061 Apiculatum‚
544 1007 800 1046 uncinatum
818 1038 829 1056 ‚
863 1006 989 1063 apice
1017 1007 1309 1048 terminatum
1340 1010 1421 1049 sti-

124 1062 169 1104 lo
202 1067 456 1121 persistenti
483 1074 605 1106 recto
634 1097 645 1115 ‚
678 1065 752 1107 vel
783 1068 1000 1107 uncinato
1024 1098 1034 1108 .

125 1123 353 1180 Legumen
386 1126 692 1181 incompletum
718 1156 729 1175 ‚
763 1125 888 1182 quod
936 1125 1195 1168 Lomentum
1229 1125 1421 1168 Willde-

125 1185 275 1225 nowio
307 1185 466 1235 audit,
493 1192 561 1226 est
590 1187 897 1242 pericarpium
926 1186 1185 1243 capsulare,
1216 1186 1416 1237 bivalve‚

129 1242 496 1296 lnultiloculare,
524 1245 839 1296 articulatum,
871 1248 1134 1288 maturitate
1168 1254 1423 1288 transverse

130 1304 342 1346 secedens
366 1304 423 1345 ad
453 1304 672 1346 articulos
696 1336 708 1355 ,
739 1319 821 1345 nec
854 1321 932 1362 per
974 1305 1308 1364 longitudinem
1342 1307 1422 1349 de-

127 1363 302 1404 hiscens
325 1396 336 1405 .
369 1364 555 1405 Dicitur

185 1422 420 1478 Septosum
451 1439 477 1465 a
501 1424 832 1480 dissepimentis
858 1427 1124 1466 transversis
1148 1457 1159 1466 .

187 1482 443 1525 Biloculare
466 1516 477 1534 ‚
510 1484 830 1525 multiloczclare
857 1516 868 1535 ‚
920 1486 1197 1542 dispermium
1225 1516 1236 1535 ‚
1282 1486 1423 1542 oligo-

132 1546 365 1598 spermium
383 1575 394 1594 ,
421 1544 768 1600 polyspermium
787 1575 797 1585 .

194 1600 324 1644 Teres
343 1634 360 1656 ,
389 1617 677 1659 compressam
703 1635 714 1654 ,
741 1605 829 1646 leve
856 1636 866 1654 ‚
896 1604 1113 1647 sulcatum
1128 1636 1144 1658 ,
1168 1613 1384 1647 costatum
1407 1638 1418 1656 ‚

127 1661 327 1717 glabrum
358 1695 368 1713 ,
397 1663 596 1704 scabram
619 1695 630 1713 ‚
663 1666 921 1705 muricatztm
944 1696 954 1706 .

187 1719 367 1778 Spirale
387 1754 398 1772 ,
424 1722 688 1764 involutum
720 1725 878 1780 spirae‘
898 1723 1033 1766 modo
1057 1755 1068 1766 .

188 1781 454 1838 Repandum
471 1814 484 1833 ‚
515 1785 740 1825 sinuosum
769 1785 973 1840 margine
993 1815 1003 1825 .

195 1841 456 1885 Torulosum
480 1875 492 1894 ,
528 1842 813 1900 monilzforme
836 1876 847 1895 ,
901 1844 1200 1886 constrictum
1244 1843 1301 1885 ad
1356 1858 1425 1885 ar-

132 1900 297 1943 ticulos
320 1935 331 1945 .

135 1959 204 2000 Ad
238 1961 449 2019 legumen
479 1962 806 2020 incompletum
838 1965 1037 2020 pertinet
1068 1977 1253 2020 quoque
1281 1963 1427 2022 Scyti-

134 2033 235 2060 num
252 2053 263 2071 ‚
295 2022 417 2078 quod
447 2022 599 2064 differt
624 2039 649 2064 a
681 2022 877 2064 lomento
899 2022 1081 2064 defectu
1101 2022 1424 2073 articulorum3

135 2078 236 2119 ideo
270 2088 519 2124 transversa
549 2097 637 2123 non
664 2083 832 2124 secedit
863 2084 909 2123 in
941 2093 1093 2139 partes
1116 2115 1127 2134 ‚
1161 2098 1243 2124 nec
1276 2092 1424 2125 tamen

134 2138 326 2181 dehiscit
349 2157 428 2198 per
459 2141 793 2199 longitudinem
825 2144 885 2184 oh
917 2151 1100 2184 suturas
1129 2152 1253 2184 arcte
1283 2143 1427 2184 adhae-

137 2207 283 2240 rentes
306 2216 317 2249 ;
344 2215 461 2242 nunc
493 2212 560 2243 est
591 2201 936 2243 multilocularc
967 2217 994 2242 a
1026 2205 1164 2259 septis
1198 2210 1428 2243 transver-

138 2260 196 2300 sis
221 2291 232 2310 ,
265 2274 385 2301 nunc
415 2277 441 2302 a
471 2263 794 2303 constrictione
827 2261 1067 2305 valvarum
1098 2265 1214 2304 inter
1243 2277 1389 2304 semen
1413 2295 1424 2312 ‚

1397 268 1407 285 7
