1669 2563
268 171 325 213 ’ΖΟ

203 263 395 317 spissius
428 295 440 314 ,
498 263 782 322 rigidiusque
826 260 1098 320 plerumque
1139 262 1360 305 evadere.
1406 263 1495 307 Sed

202 320 298 362 alia
330 322 468 379 plura
501 325 852 381 superimposita
885 324 998 364 retia
1028 325 1076 364 111
1119 324 1397 380 quibusdam
1429 324 1495 367 fo-

200 380 276 422 liis
307 382 583 427 detexerunt
613 384 883 425 anatomici.

260 441 304 496 ξ.
354 445 455 485 233.
506 443 712 496 Quodvis
767 452 861 487 rete
891 439 940 482 fit
990 443 1108 484 vasis
1157 441 1456 500 lymphaticis
1477 476 1490 494 ,

201 506 494 560 propriisque
519 534 527 545 .
562 503 773 545 Tracheae
804 505 850 544 in
882 501 1055 560 petiolo
1078 534 1090 553 ,
1123 505 1368 561 nervisque
1398 519 1490 545 ma-

197 564 267 617 gis
296 563 643 620 conspiciendas.
676 563 826 621 Pulpa
856 562 1112 613 cellularis,
1137 562 1212 604 hic
1236 566 1489 615 succosior‚

196 635 336 677 quam
369 623 511 674 alibi,
544 639 671 666 areas
703 626 871 665 retium
922 621 1113 679 implet,
1165 638 1304 680 quain
1354 622 1491 665 valde

194 690 417 738 expetunt
440 716 451 733 ‚
483 692 620 741 atque
651 683 905 725 corrodunt
935 684 1106 724 insecta
1137 684 1342 740 quaedam
1367 714 1379 734 ‚
1411 698 1490 724 cu-

194 741 341 783 ticula
370 742 509 785 illaesa
532 777 543 786 .
576 744 833 802 Epidermis
864 751 1014 784 totum
1045 742 1212 785 folium
1242 743 1452 785 obvolvit
1475 776 1487 794 ,

194 808 241 840 et
285 816 455 859 organa
504 806 603 859 ejus
653 806 893 854 continet;
927 804 1017 844 haec
1054 803 1239 860 reliquae
1270 803 1488 845 cuticulae

194 867 428 904 structura
459 864 621 907 similis
645 896 657 916 ‚
690 879 832 921 quare
855 879 935 905 nec
967 862 1160 904 fihratus
1194 871 1377 914 textus,
1403 879 1486 906 nec

193 919 421 976 glandulae
452 924 598 965 eidem
644 924 932 982 peculiares,
981 923 1223 980 Malpighii
1272 924 1488 966 observa-

193 982 399 1024 tionibus
429 983 675 1025 Saussurio
708 984 793 1025 hac
824 984 879 1025 de
911 998 959 1024 re
992 983 1345 1025 adversantibus
1371 1016 1381 1025 .

251 1041 295 1096 §.
348 1044 450 1095 234.
497 1043 602 1084 Ρο11
645 1043 860 1085 cuticulae
909 1044 1188 1100 copiosiores
1234 1044 1282 1083 in
1326 1042 1481 1094 foliis,

189 1115 330 1155 quam
379 1101 524 1153 alibi,
571 1106 796 1161 praecipue
842 1105 890 1143 in
929 1102 1138 1148 inferiori
1185 1101 1287 1144 folii
1330 1103 1444 1144 facie
1471 1136 1480 1145 .

190 1160 434 1216 Aquatiles
467 1165 644 1215 tansen,
696 1172 742 1205 et
792 1177 985 1205 succosae
1035 1161 1198 1220 plantae
1249 1165 1484 1220 excipien-

189 1219 279 1269 dae3
314 1223 466 1277 primae
498 1225 618 1264 enim
665 1225 791 1281 poris
832 1230 1017 1272 carent,
1066 1238 1160 1278 qua
1203 1224 1482 1264 incumbunt

186 1293 312 1335 aquae
331 1312 342 1331 ,
374 1281 524 1323 alterae
555 1296 663 1326 vero
696 1284 857 1340 paucis
913 1284 1037 1340 poris
1068 1284 1290 1339 utrinque
1319 1291 1481 1340 pertu-

186 1353 238 1379 sae
261 1371 271 1380 .

247 1399 291 1454 ᾗ.
327 1400 427 1442 235.
460 1399 593 1443 Folia
643 1399 884 1460 superficie
928 1417 1011 1444 sua
1041 1401 1116 1444 vel
1159 1401 1288 1444 laevia
1334 1410 1476 1454 sunt,

181 1458 256 1500 vel
303 1460 442 1516 pilis,
488 1464 646 1519 rugis,
692 1462 961 1521 glandulis,
1003 1463 1220 1505 scabritie
1267 1472 1475 1513 scatent,

181 1532 345 1560 verum
375 1519 517 1562 facies
549 1537 708 1564 eorum
739 1525 949 1579 superior
994 1523 1271 1580 plerumque
1315 1523 1439 1564 nuda
1463 1555 1473 1564 .

179 1577 347 1620 Forma
380 1579 481 1621 folii
514 1582 789 1623 mirabiliter
821 1585 1001 1624 varians
1021 1615 1031 1633 ‚
1073 1589 1126 1621 ut
1157 1596 1239 1622 suo
1272 1580 1374 1622 loco
1406 1585 1476 1624 vi—

178 1637 390 1681 debimus
409 1672 419 1689 ‚
452 1642 561 1681 item
591 1650 636 1683 et
665 1642 921 1683 crassitudo
945 1674 954 1684 .
988 1641 1129 1686 Color
1163 1642 1328 1698 passim
1360 1645 1474 1684 viri-

177 1697 247 1738 dis
274 1730 285 1748 ,
318 1700 454 1741 modo
487 1703 735 1743 saturatior
756 1733 767 1752 ,
801 1702 938 1743 modo
984 1701 1233 1761 pallidior3
1269 1707 1473 1744 occurrit

175 1771 359 1815 quoque
399 1760 539 1801 ruber
565 1793 576 1811 ,
610 1776 795 1812 roseus,
829 1776 998 1805 aureus
1023 1794 1034 1814 ,
1075 1770 1319 1819 argenteus
1344 1795 1355 1813 ,
1401 1763 1471 1804 111-

176 1825 278 1858 10115
296 1851 307 1868 ,
345 1817 482 1861 albus
502 1852 512 1870 ,
556 1823 684 1878 niger
703 1854 714 1873 ‚
747 1820 1062 1880 ferrugineus.

235 1877 278 1932 ς.
301 1878 402 1921 236.
427 1879 641 1932 Quaedam
663 1881 776 1923 folia
797 1884 1043 1939 quotannis
1068 1881 1290 1923 decidunt
1309 1914 1320 1933 ,
1345 1897 1468 1940 quae-

174 1936 279 1978 (lam
312 1949 584 1995 perennant.
609 1942 1000 2001 Quotiescumque
1032 1944 1152 1985 enim
1179 1957 1345 1984 succus
1377 1959 1466 1985 nu-

175 1999 336 2039 tricius
365 2000 659 2058 intercipitur
691 2005 808 2043 inter
839 2001 1006 2045 folium
1038 2011 1084 2045 et
1114 2017 1293 2044 ramum
1312 2036 1324 2054 ,
1359 2005 1464 2046 sub-

172 2059 338 2099 stantia
369 2058 470 2100 folii
495 2060 720 2118 paulatim
748 2064 947 2120 rigescit,
979 2063 1202 2114 moritur„
1236 2072 1308 2114 et,
1348 2062 1462 2105 flan—

170 2118 296 2159 tibus
326 2121 487 2171 ventis,
520 2120 686 2163 folium
723 2122 829 2164 hinc
875 2124 981 2165 inde
1019 2125 1243 2184 agitatum
1278 2125 1461 2167 tandem

171 2177 477 2236 disrumpitur
497 2214 507 2232 ‚
540 2189 585 2223 et
630 2180 812 2224 deffluit
839 2216 848 2225 .
881 2184 1054 2226 Contra
1101 2181 1178 2234 fit,
1212 2184 1294 2226 ubi
1326 2185 1458 2227 nulla

169 2252 375 2295 unquam
411 2244 534 2283 succi
565 2243 844 2301 interruptio
873 2252 942 2286 est
964 2276 975 2288 .
1009 2245 1115 2298 Quae
1140 2259 1212 2286 res
1243 2243 1458 2288 solemnis

166 2312 273 2342 cum
303 2297 429 2345 foliis
459 2302 749 2361 simplicibus
779 2306 953 2348 ratione
984 2304 1143 2349 habita
1173 2305 1229 2348 ad
1253 2321 1451 2358 ramum,
