1669 2563
1300 141 1384 185 109

138 231 329 274 reddant
357 264 370 284 ‚
405 245 511 274 cum
560 232 738 277 omnia,
771 242 869 286 quae
899 227 1101 270 diximus
1125 261 1136 278 ,
1169 245 1288 273 nunc
1309 231 1442 288 caly-

137 295 210 342 ci,
236 306 357 333 nunc
388 289 569 333 corollae
600 292 689 330 sint
720 288 975 344 peculiaria
1001 321 1010 329 .

199 352 243 409 §.
275 353 376 394 338.
407 352 511 403 Quae
540 364 647 390 cum
675 350 740 389 ita
772 350 889 398 sint,
923 346 1180 390 Ehrarthus
1204 380 1215 398 ,
1248 358 1293 390 et
1344 350 1440 391 De-

136 411 404 453 candolleus
429 442 441 459 ,
473 414 528 449 ut
558 409 849 466 quaestionem
900 406 1116 449 tollerent
1147 440 1158 458 ‚
1191 422 1297 449 cum
1351 409 1445 451 sol-

138 486 244 515 vere
276 485 368 511 non
397 476 580 525 possent
606 500 618 519 ,
650 466 850 523 calycis‚
881 475 927 509 et
956 466 1139 511 corollae
1181 468 1445 510 nominibus

138 530 335 574 aboletis
362 561 374 579 ‚
406 526 648 570 involucra
677 526 800 570 floris
823 530 1048 585 perigonii
1086 529 1268 569 nomine
1321 526 1447 569 salu-

138 597 327 639 tarunt,
361 587 672 646 dixeruntque
720 592 1003 645 perigonium
1061 588 1251 644 simplex
1275 619 1287 637 ,
1337 595 1448 627 tunc

136 664 244 692 cum
276 663 421 689 unum
438 656 505 690 est
534 646 658 691 floris
688 648 1001 701 involucrum,
1022 648 1106 691 ubi
1136 662 1244 689 vero
1267 646 1446 688 involu-

135 723 268 752 crum
300 707 388 750 hoc
416 707 593 765 duplex
613 741 625 760 ,
659 709 828 766 duplex
859 716 1120 751 statuerunt
1142 709 1444 766 perigonium‚

136 778 364 812 externum
394 767 572 811 scilicet
593 801 605 821 ‚
638 777 684 810 et
714 773 931 811 internum
950 802 961 812 .

195 828 239 886 §.
271 831 375 885 339,
410 827 508 873 Nos
537 836 692 872 autem
722 845 813 872 non
845 829 1050 871 dicemus
1073 860 1085 880 ,
1113 828 1227 869 duas
1270 841 1446 884 semper

138 903 235 932 esse
268 887 685 932 conferruminatas
716 888 927 933 lamellas
975 891 1022 933 in
1074 889 1313 947 perigonio
1345 889 1448 929 sim-

138 948 278 1009 plici,
312 948 508 992 alteram
552 949 733 1006 calyci,
782 949 976 992 alteram
1030 948 1215 991 corollae
1260 962 1450 1005 respon-

142 1008 326 1050 dentem
349 1041 362 1060 ,
395 1017 448 1050 ut
478 1011 759 1066 quibusdam
813 1013 964 1052 visum
1015 1017 1111 1054 est,
1169 1007 1351 1053 Etenim
1400 1011 1447 1048 in

141 1068 596 1124 monocotyledoneis
646 1069 843 1129 plantis,
876 1072 923 1112 in
954 1070 1127 1129 quibus
1159 1070 1450 1130 perigonium

141 1128 337 1187 simplex
362 1128 652 1186 frequentius
696 1130 892 1172 habetur
915 1163 927 1182 ,
982 1136 1218 1171 structura
1268 1127 1445 1178 caulis,

145 1204 245 1250 quae
275 1204 511 1247 nunquam
544 1206 623 1247 per
656 1198 814 1241 strata,
848 1192 1137 1248 perigonium
1162 1190 1450 1247 superimpo-

143 1251 242 1291 sitis
279 1248 478 1292 lamellis
505 1249 680 1292 factum
715 1251 897 1291 omnino
914 1249 1139 1299 excludit;
1157 1256 1315 1291 contra
1340 1262 1449 1290 vero

140 1309 191 1351 id
213 1311 477 1367 contingere
499 1325 627 1367 posse
648 1313 695 1351 in
715 1309 1169 1367 dicotyledonearum
1187 1307 1451 1365 plantarum

177 1371 380 1425 erigonio
412 1369 726 1411 Decandolleo
758 1369 944 1411 facilius
989 1369 1311 1412 concedimus,
1363 1367 1450 1408 Co-

141 1384 213 1472 for
245 1428 350 1485 plus
383 1430 591 1471 minusve
622 1431 804 1480 virens,
837 1428 1159 1485 diversusque,
1193 1430 1274 1485 qui
1307 1429 1352 1468 in
1374 1443 1450 1467 ex-

143 1495 272 1533 terna
302 1490 526 1545 perigonii
559 1488 780 1545 simplicis
810 1486 926 1530 facie
959 1489 1145 1545 prodit,
1177 1503 1205 1529 a
1257 1487 1450 1527 liberio—-

143 1549 183 1593 ri
214 1547 354 1603 hujus
379 1547 514 1592 faciei
559 1556 775 1590 contactu
805 1562 912 1590 cum
951 1563 1053 1588 aere
1102 1546 1446 1603 atmosphaerico

146 1609 372 1667 praecipue
403 1608 663 1665 dependet,
696 1622 789 1665 quo
850 1609 1015 1666 purius
1059 1607 1334 1650 carbonium
1379 1607 1444 1648 ihi

144 1670 396 1710 secernitur
421 1701 434 1720 ‚
466 1677 512 1711 et
541 1668 747 1712 subsidet
773 1700 784 1711 .

234 1787 443 1831 Stamina
465 1820 476 1832 .
526 1787 829 1833 Filamentum
862 1819 873 1831 .
902 1786 1134 1831 Antlzera.
1169 1786 1357 1830 Pollen.

205 1908 250 1965 ᾖ,
285 1910 386 1964 340.
430 1909 557 1953 Intra
604 1911 896 1968 perigenium
941 1911 1036 1951 sive
1067 1906 1296 1966 simplex,
1356 1908 1449 1948 sive

149 1966 322 2026 duplex
352 1978 473 2012 stant
503 1966 674 2029 organa
701 1969 922 2028 genitalia
975 1984 1097 2011 nunc
1129 1967 1334 2010 mascula
1358 1999 1369 2018 ,
1404 1975 1449 2008 et

150 2026 355 2072 foeminea
378 2030 531 2083 simul,
571 2046 693 2073 nunc
725 2032 912 2073 seorsim
930 2062 940 2073 .
973 2030 1184 2074 Dicimus
1214 2029 1412 2070 mascula
1435 2059 1446 2077 ,

151 2104 248 2147 quae
279 2092 535 2148 genituram
561 2093 743 2150 organis
772 2091 992 2134 foemineis
1023 2090 1336 2147 suppeditant,
1371 2103 1451 2145 pe—

152 2149 323 2193 culiari
354 2167 462 2195 vero
488 2154 670 2195 nomine
715 2155 910 2195 stamina
941 2153 989 2192 in
1021 2148 1215 2192 floribus
1268 2162 1449 2190 nuncu-

157 2224 336 2266 pamus.
384 2212 484 2256 Haec
530 2220 872 2270 componuntur
920 2209 1153 2253 filamento
1178 2242 1189 2261 ‚
1223 2209 1411 2251 anthera
1435 2239 1448 2257 ‚

154 2277 202 2309 et
231 2270 419 2327 polline,
441 2279 523 2313 aut
548 2271 708 2315 saltem
731 2273 939 2324 anthera,
960 2279 1006 2315 et
1029 2270 1221 2330 polline,
1244 2268 1450 2314 filamen-

158 2339 205 2373 to
237 2332 430 2383 subinde
461 2331 695 2374 deficiente
719 2364 729 2374 .
