1669 2563
252 156 333 185 120

242 249 286 304 ς.
315 250 414 304 370.
448 247 737 289 Desvauxius
755 247 944 288 nectarii
995 246 1284 288 existentiam
1338 244 1482 288 dene-

184 318 262 367 gat
287 341 298 359 ‚
332 318 376 349 et
406 323 474 358 ea,
508 323 604 365 quae
626 309 865 349 nectarium
891 306 1014 348 dicta
1046 315 1182 358 sunt,
1216 321 1387 363 organa
1419 322 1484 348 es-

185 385 229 411 se
260 368 492 410 contendit
517 368 730 410 abortum
764 382 892 423 passa
913 399 922 408 .
954 367 1052 407 Haec
1069 368 1350 408 connexione
1384 381 1482 417 sua,

186 444 277 470 non
302 431 509 478 essentia,
541 429 598 469 ab
631 429 784 469 ovatio
815 426 1071 483 dependent
1093 459 1105 477 ‚
1132 427 1337 484 dicitque
1352 427 1489 481 glan-

187 490 317 531 dulas
348 491 485 530 ovarii
507 489 727 543 (glandes
743 488 1048 541 ovarz'ennes)‚
1072 502 1168 544 quae
1189 486 1299 530 licet
1319 486 1487 527 humo-

187 564 284 591 :rem
315 549 497 590 dulcem
530 555 762 589 secernant
794 579 806 598 ‚
845 546 1022 588 nullam
1054 555 1205 588 tamen
1234 545 1487 587 utilitatem

188 611 345 651 ovario
378 607 576 650 afferunt
593 640 603 658 ,
635 609 773 664 idque
794 622 936 647 unum
962 607 1289 657 demonstrant,
1316 621 1359 647 se
1385 621 1487 662 par-

189 677 282 710 tem
313 669 518 726 aliquam
553 666 831 725 receptaculi
861 681 985 718 esse,
1027 682 1124 724 quae
1170 666 1486 709 evolutionem

187 743 365 770 omnem
399 729 484 769 sibi
517 742 542 768 a
572 736 739 769 natura
758 741 1013 768 concessam
1041 727 1245 768 nondum
1295 728 1482 782 attigit.

241 789 284 844 ξ.
317 791 417 844 371.
449 788 620 830 Contra
651 787 946 837 Villemetus,
980 787 1214 829 Linnaeum
1241 794 1483 843 sequutus,

183 848 413 905 quidquid
445 849 493 888 in
523 845 631 888 flore
681 848 990 888 communicat
1044 861 1150 888 cum
1204 845 1486 904 genitalibus

182 907 415 959 masculis,
446 906 773 963 foemineisque,
807 906 972 946 habuit
1005 921 1088 963 pro
1120 906 1486 960 nectario‚cujus

184 967 385 1009 officium
418 969 476 1008 sit
506 966 693 1023 pollinis
715 965 1030 1021 explosionem
1064 980 1352 1022 promovere,
1395 965 1486 1005 hu-

181 1042 354 1069 morem
388 1027 585 1083 stigmati
608 1025 898 1081 suppeditare
930 1024 987 1065 ad
1018 1025 1340 1081 excipiendum
1382 1024 1488 1081 pol-

187 1086 292 1138 len,
326 1086 504 1127 canales
536 1084 629 1127 stili
655 1084 851 1134 illinire,
883 1091 936 1125 ut
958 1086 1169 1141 genitura
1200 1084 1385 1125 facilius
1427 1084 1487 1125 ad

182 1161 267 1187 ova
288 1146 544 1196 descendat,
567 1145 762 1202 denique
788 1159 873 1185 ova
921 1145 978 1184 ad
995 1143 1309 1186 evolutionem
1341 1143 1484 1199 duce-

181 1222 230 1246 re
256 1238 267 1256 ,
314 1206 435 1247 alere
461 1237 472 1255 ,
531 1213 668 1261 atque
718 1205 862 1254 tueri,
908 1203 1050 1245 donec
1080 1206 1179 1261 ipsa
1216 1204 1488 1245 alimentum

180 1281 207 1307 a
221 1273 362 1307 matre
379 1281 457 1323 per
474 1263 736 1305 funiculum
763 1263 1076 1306 umbilicalem
1091 1264 1275 1306 haurire
1289 1263 1485 1307 valeant.

240 1326 284 1381 ξ).
319 1328 420 1382 372,
455 1326 535 1366 His
566 1326 709 1383 probe
752 1326 1016 1382 perpensis,
1073 1334 1270 1382 uterque
1322 1331 1484 1365 auctor

177 1384 359 1442 aliquid
401 1388 448 1426 in
480 1383 589 1427 flore
621 1400 714 1426 esse
747 1385 986 1434 concedit,
1012 1385 1137 1441 quod
1171 1385 1354 1426 dulcem
1387 1398 1486 1426 suc·-

177 1460 285 1487 cum
317 1447 548 1487 excernit.
580 1445 641 1485 At
671 1444 989 1500 hujuscemodi
1023 1459 1243 1501 organum
1269 1444 1486 1485 abortum

179 1520 337 1563 reapse
370 1521 552 1562 passum
580 1513 664 1555 est,
700 1512 754 1545 ut
784 1504 924 1546 habet
946 1504 1236 1546 Desvauxius
1257 1506 1274 1546 Ρ
1297 1503 1485 1544 Doctri-

177 1580 240 1606 nae
272 1565 326 1606 de
358 1567 559 1622 partium
591 1565 786 1614 abortu,
821 1579 958 1621 super
988 1579 1126 1621 quam
1157 1563 1293 1605 hodie
1320 1562 1485 1604 nonul-

177 1624 215 1665 li
246 1633 490 1680 systemata
522 1640 604 1666 sua
633 1624 867 1675 condunt,
919 1632 1086 1665 natura
1117 1625 1217 1681 ipsa
1273 1622 1481 1673 infensa3

178 1684 330 1742 liquet
353 1687 471 1725 enim
496 1717 507 1735 ‚
561 1692 773 1726 naturam
805 1686 852 1725 in
913 1683 1149 1742 gignendis
1189 1685 1427 1741 speciebus
1457 1699 1484 1724 a

173 1747 388 1786 monstriS
423 1745 671 1786 abhorrere
714 1760 819 1785 cum
864 1760 920 1785 ex
950 1748 1048 1801 ipso
1075 1745 1244 1786 abortu
1273 1748 1447 1786 incerto
1470 1775 1482 1794 ,

179 1812 226 1845 et
267 1804 564 1861 infrequenti,
589 1813 685 1845 tum
707 1807 844 1847 etiam
876 1821 931 1846 ex
969 1804 1331 1862 praeternaturali
1379 1818 1485 1845 cor-

177 1879 341 1921 porum
381 1868 700 1922 organicorum
728 1898 740 1916 ‚
795 1879 893 1922 quae
942 1866 1157 1906 abortum
1211 1867 1482 1921 patiuntur,

177 1933 299 1965 statu
315 1957 324 1966 .
342 1925 432 1977 Qui
458 1927 601 1982 igitur
623 1926 713 1967 dici
734 1927 904 1982 poterit
925 1940 1029 1983 pars
1062 1925 1272 1966 abortiva
1317 1924 1441 1966 110113
1469 1955 1482 1975 ,

176 2001 273 2041 quae
298 1987 344 2025 in
369 1983 478 2026 flore
527 1985 729 2040 ejusdem
775 1987 937 2042 speciei
973 1993 1194 2042 perpetuo
1228 1986 1481 2042 reperitur,

177 2061 272 2101 qua
295 2048 386 2087 sine
417 2043 499 2086 flos
545 2048 629 2086 iste
670 2048 833 2102 nequit
853 2048 988 2087 esse?
1027 2045 1119 2097 Qui
1151 2047 1483 2102 inconsequens

175 2104 421 2146 habebitur
454 2121 557 2162 pars
574 2105 664 2146 haec
682 2105 794 2147 adeo
827 2105 1056 2156 solemnis,
1090 2112 1134 2145 et
1160 2104 1359 2147 officium
1382 2105 1483 2158 ejus

176 2165 343 2206 inutile
363 2198 374 2216 ‚
396 2166 505 2206 dum
529 2169 854 2217 necessarium,
873 2165 1038 2220 'veluti
1079 2167 1114 2206 si
1132 2174 1295 2206 natura
1316 2164 1483 2206 artifex

175 2228 463 2283 semetipsam
501 2225 754 2268 fefellerit?
785 2227 885 2279 Qua
917 2226 972 2267 de
1004 2240 1051 2266 re
1105 2228 1302 2282 quisque
1326 2225 1482 2277 videt,

178 2293 349 2342 quanta
379 2287 550 2341 injuria
566 2287 857 2328 Desvauxius
878 2301 1041 2328 nomen
1064 2288 1256 2327 nectarii
1272 2284 1486 2328 absolute

179 2347 470 2404 denegaverit
502 2347 729 2399 omnibus,
753 2362 848 2405 quae
874 2349 920 2389 in
953 2345 1062 2389 11010
1081 2355 1204 2398 sunt,
1226 2347 1438 2405 partibus
1467 2379 1476 2388 .
