1669 2563
285 72 368 112 230

310 234 557 278 placenta.
603 214 846 278 Femiculus
889 233 1148 278 umbilicalis
1171 267 1180 278 .
1214 234 1382 279 Arillas
1418 269 1427 278 .

280 353 324 410 ς.
359 357 429 411 73.
463 354 674 398 Placenta
699 389 710 407 ‚
745 357 839 398 sive
875 353 1219 414 receptaculum
1276 357 1496 412 seminum
1518 389 1529 406 ,

225 422 294 455 est

277 473 494 526 carnosa,
519 475 739 526 suberosa,
771 476 970 518 coriacea
988 507 999 526 ‚
1034 476 1235 533 lignosa,
1268 475 1496 518 alveolata
1519 508 1531 526 ,

220 534 496 577 tuberculata
514 568 524 586 ,
557 537 717 579 villosa
740 568 750 586 ‚
777 535 1042 592 septiformis
1066 567 1076 586 ,
1108 535 1292 592 globosa
1327 568 1338 586 ‚
1392 537 1527 593 cylin-

221 595 408 645 α’νασεα,
445 595 699 652 filisormis,
739 596 947 637 subulam
973 628 985 647 ,
1018 598 1213 651 trigona,
1248 603 1485 652 tetragona
1512 627 1524 646 ‚

219 663 498 710 pentagona,
524 655 696 706 lobata‚
731 657 922 706 radiata,
953 657 1190 698 scutellam
1215 687 1224 697 .

278 713 498 757 Generalis
528 748 538 765 ,
568 730 684 757 axea
709 748 720 766 ,
759 716 989 771 apicilaris
1012 748 1023 767 ‚
1069 715 1273 757 basilaris
1299 747 1311 766 ‚
1345 715 1431 756 sita
1476 716 1523 755 in

222 781 379 814 centro
409 807 419 825 ,
452 777 499 816 in
529 790 612 815 axe
637 807 649 826 ,
680 777 725 816 in
753 777 881 831 apice
904 806 915 825 ‚
952 777 998 815 in
1028 776 1126 817 basi
1160 776 1430 833 pericarpii.

284 832 510 888 Basifixa,
542 834 711 875 haerens
739 835 1003 875 maturitate
1036 833 1216 877 fructus
1245 835 1345 883 basi
1375 835 1522 893 parie-

222 893 282 932 tis
316 895 586 950 pericarpici
611 925 620 935 .

279 951 524 994 Parietalis
547 986 559 1004 ‚
591 952 757 993 adnata
787 952 949 1008 parieti
981 953 1266 1010 pericarpico
1291 986 1301 995 .

291 1011 583 1054 Unilateralis
616 1044 628 1062 ‚
675 1011 917 1053 bilateralis
938 1044 950 1063 ,
991 1013 1248 1054 trilateralis
1290 1013 1371 1054 &a
1391 1045 1403 1064 ,
1434 1012 1524 1056 fixa

226 1073 338 1121 uni,
373 1072 555 1114 duobus
575 1105 585 1124 ,
619 1072 825 1114 tribusve
857 1071 1080 1114 lateribus
1114 1073 1386 1129 pericarpii.

308 1132 543 1183 Vah-aris,
577 1133 827 1174 medivalvis
856 1164 867 1182 ,
900 1146 997 1189 quae
1039 1132 1296 1173 adnectitur
1349 1131 1523 1182 valvis,

225 1198 270 1233 et
302 1195 420 1248 parti
447 1194 599 1235 mediae
630 1191 869 1234 valvarum
894 1194 941 1233 in
971 1194 1228 1250 pericarpio
1255 1191 1520 1234 dehisce-nti.

282 1250 565 1295 Obsuturalis
588 1286 599 1305 ,
633 1255 719 1294 sita
749 1259 908 1293 contra
943 1260 1124 1294 suturas
1157 1284 1166 1294 .

283 1311 589 1370 Marginalis‚
623 1320 746 1354 arcte
782 1311 950 1354 haerens
979 1312 1264 1371 marginibus
1292 1318 1375 1354 aut
1421 1309 1523 1354 val-

221 1386 387 1414 varum
407 1406 418 1424 ,
452 1383 534 1416 aut
559 1374 984 1430 dissepimentorum
1002 1405 1013 1416 .

281 1431 466 1490 Septilz's
494 1467 505 1485 ‚
537 1434 870 1491 dissepimentis
902 1431 1038 1475 affixa
1057 1464 1068 1475 .

280 1492 467 1536 Adnata
497 1502 593 1536 tota
625 1492 913 1550 longitudine
945 1508 1027 1534 sua
1050 1491 1124 1535 vel
1156 1490 1290 1534 faciei
1338 1493 1520 1533 internae

218 1554 464 1612 pericarpii
489 1587 500 1605 ,
534 1553 607 1596 vel
639 1553 925 1610 marginibus
956 1553 1383 1610 dissepimentorum
1403 1584 1415 1602 ,
1446 1550 1520 1592 vel

215 1611 438 1657 columnae
468 1630 586 1657 axeae
611 1612 803 1655 centrali
831 1645 842 1664 ,
894 1612 968 1654 vel
1020 1613 1306 1670 marginibus
1359 1610 1519 1654 valva-

218 1686 322 1713 rum
352 1707 362 1716 .

278 1732 443 1775 Libera
474 1737 656 1777 omnino
687 1747 714 1773 a
745 1732 1000 1789 parietibus
1021 1733 1282 1790 pericarpii,
1303 1739 1349 1772 et
1378 1733 1517 1773 etiam

222 1806 249 1832 a
282 1793 383 1834 basi
415 1795 529 1849 ejus,
555 1809 660 1836 cum
692 1791 872 1835 fructus
902 1800 1113 1833 maturus
1143 1791 1363 1834 dehiscit.

281 1853 483 1904 Partim,
515 1854 730 1911 bipartita
758 1884 768 1899 ‚
791 1855 1021 1908 tripartita
1049 1854 1130 1893 &a
1145 1883 1162 1905 ,
1193 1853 1514 1908 multipartita.

282 1913 515 1955 Partibilis
539 1947 549 1965 ‚
583 1910 847 1971 bipartibilis
867 1913 949 1953 &a
984 1914 1027 1952 in
1059 1911 1337 1953 dehiscentia
1362 1911 1518 1953 valva-

222 1988 325 2016 rum
351 2007 360 2015 .
392 1973 605 2015 Placenta
630 1976 692 2015 ita
718 1973 863 2013 divisa
885 1973 1057 2013 suturis
1081 1971 1304 2013 adhaerere
1332 1973 1481 2030 pergit
1507 2004 1515 2012 .

220 2035 338 2075 Huic
370 2037 599 2076 contraria
630 2042 696 2075 est
723 2035 979 2090 persistens.

219 2093 340 2136 Vasa
369 2127 378 2144 ,
411 2109 507 2151 quae
540 2110 619 2151 per
651 2092 909 2151 placentam
941 2100 1220 2142 excurrunt,
1254 2107 1415 2142 unum,
1446 2091 1517 2133 vel

221 2153 381 2211 plures
412 2153 655 2196 fasciculos
686 2153 890 2195 efficiunt
913 2185 924 2204 ,
956 2154 1037 2210 qui
1062 2152 1281 2195 dicuntur
1317 2154 1485 2196 nervuli
1507 2185 1516 2193 .

219 2213 420 2256 Nervuli
454 2216 526 2256 isti
560 2213 854 2273 afflaecllantur
