1669 2563
255 170 314 223 84

196 290 278 316 nec
309 288 398 317 non
428 272 610 327 caloris,
635 280 681 317 et
711 272 895 331 frigoris
926 280 1200 332 potestatem
1228 273 1284 315 ad
1322 272 1507 332 phaeno-

198 349 362 391 menon
387 334 716 394 explicandum
748 335 1008 393 physiologi
1040 334 1357 376 adhibuerunt
1392 366 1402 376 .

257 395 303 451 ς.
336 399 434 451 274.
466 395 538 439 Cl.
569 395 777 437 Amicius
808 397 966 453 paucis
999 396 1056 437 ab
1090 395 1196 436 hinc
1243 396 1375 435 annis
1426 393 1509 433 mi-

198 455 342 497 rando
372 455 456 497 illo
484 457 786 513 microscopio
818 470 900 497 suo
934 457 1057 497 succi
1088 453 1360 512 vegetabilis
1401 466 1505 492 mo-

199 522 300 556 tum
330 517 378 556 in
407 514 580 567 Charis,
612 516 808 573 aliisque
839 514 1009 573 plantis
1039 531 1063 556 e
1094 514 1337 571 Najadum
1381 511 1510 554 fami-

201 575 266 617 lia
296 574 496 618 detexit.
527 575 721 618 Globuli
753 576 1013 618 substantiae
1045 576 1205 617 viridis
1231 606 1241 625 ‚
1266 573 1412 615 veluti
1438 574 1510 612 in-

200 643 269 677 ter
299 650 345 677 se
376 652 421 677 se
451 640 770 687 concatenati,
803 644 848 677 et
880 635 1096 693 plurimis
1127 635 1335 677 seriebus
1368 634 1507 688 juxta

202 710 247 737 se
279 697 475 738 invicem
505 699 641 754 positi
674 698 956 738 continenter
977 703 1219 736 moventur
1250 709 1356 737 cum
1379 690 1513 750 plan-

201 764 254 797 tae
285 770 419 797 succo
469 759 518 798 in
538 758 702 813 quovis
731 756 987 797 internodio
1018 754 1201 806 Clzaroe,
1249 756 1314 795 ita
1364 760 1513 794 tamen

204 823 260 856 ut
290 831 388 873 quae
440 816 741 873 globulorum
792 818 928 859 series
978 815 1272 857 dextrorsum
1305 816 1412 862 sint,
1438 809 1516 853 vel

206 884 362 926 recta,
410 876 486 917 vel
540 880 669 934 spirae
717 879 765 918 in
808 877 999 918 modum
1043 875 1288 916 ascendant
1315 905 1328 924 ‚
1375 879 1515 928 atquc

202 936 287 976 ubi
318 934 376 976 ad
406 936 653 977 internodii
703 936 1005 993 diaphragma
1040 936 1332 992 pervenerint
1357 964 1369 984 ,
1403 932 1515 973 sini-

204 1003 428 1037 strorsum
460 993 701 1037 flectantur
725 1028 737 1047 ,
769 1003 815 1036 et
846 995 1004 1036 eodem
1035 994 1171 1034 modo
1201 991 1478 1034 descendant
1501 1021 1514 1040 ‚

205 1064 253 1096 et
283 1056 347 1096 sio
372 1068 510 1112 porro
532 1087 543 1097 .
576 1054 726 1098 Series
767 1054 1063 1096 ascendentes
1087 1067 1115 1094 a
1137 1051 1518 1094 descendentibus

206 1113 368 1171 aliquo
412 1114 582 1157 distant
630 1113 912 1164 interva1103
969 1127 1069 1170 quae
1101 1112 1358 1171 parietibus
1411 1111 1518 1152 tubi

206 1173 529 1232 proximiores,
560 1173 758 1217 celerius
788 1180 1032 1215 moventur
1060 1205 1072 1223 ‚
1101 1180 1148 1213 et
1177 1173 1411 1220 vicissim3
1443 1168 1519 1212 sse-

207 1248 268 1275 xo
287 1264 299 1283 ,
331 1232 406 1276 vel
425 1233 569 1292 ligato
599 1233 885 1285 internodio,
918 1240 986 1274 tot
1017 1239 1268 1274 nascuntur
1300 1229 1520 1288 globulo-

207 1307 331 1343 rum,
362 1292 661 1352 humorisque
690 1295 921 1336 circuitus
943 1324 956 1343 ‚
989 1300 1105 1349 quot
1135 1300 1243 1334 sunt
1295 1291 1520 1333 liberiora

210 1354 386 1411 spatia;
416 1353 579 1397 nullus
607 1357 657 1397 in
688 1354 946 1412 parietibus
977 1353 1081 1394 tubi
1112 1360 1266 1394 motus
1288 1382 1300 1403 ,
1325 1349 1401 1393 vel
1433 1357 1521 1391 tre-

210 1427 311 1456 mor
357 1443 369 1463 ,
404 1413 594 1458 nullave
642 1416 893 1457 coarctatio
943 1413 1260 1470 conspicitur3
1316 1410 1523 1453 seriebus

211 1473 513 1530 globulorum
537 1476 836 1533 perturbatis,
859 1480 1011 1514 motus
1035 1487 1195 1514 eorum
1214 1472 1520 1520 imminuitur,

213 1531 291 1574 vel
323 1536 507 1575 omnino
537 1542 709 1584 cessat3
751 1534 971 1576 transitus
1009 1531 1207 1588 liquoris
1245 1532 1304 1572 ab
1338 1544 1432 1571 uno
1463 1529 1522 1570 ad

211 1591 341 1633 aliud
363 1594 672 1636 internodium
692 1608 773 1652 per
798 1591 1097 1650 diaphragma
1120 1592 1322 1649 conspici
1342 1591 1520 1648 nequit,

213 1651 325 1693 licet
356 1654 566 1695 eveniat.

265 1711 318 1771 §.
350 1712 450 1768 275.
480 1713 581 1755 Haec
613 1719 719 1756 sunt
743 1745 754 1764 ,
787 1725 886 1769 quae
917 1720 1044 1754 certo
1076 1712 1249 1754 certius
1280 1711 1415 1753 nobis
1445 1710 1519 1750 in-

213 1780 465 1814 notuerunt
493 1773 549 1815 de
581 1776 706 1815 succi
736 1780 866 1814 motu
895 1773 942 1813 in
971 1771 1209 1813 nonnullis
1240 1771 1436 1829 plantis;
1462 1784 1520 1810 an

214 1831 373 1873 eadem
414 1834 686 1890 contingunt
737 1835 785 1874 in
835 1833 1084 1874 omnibus?
1138 1831 1191 1873 Id
1233 1846 1315 1873 nos
1365 1829 1518 1871 adhuc

217 1890 348 1943 latet3
380 1905 540 1934 verum
571 1894 635 1934 sic
665 1894 798 1949 juvat
816 1893 1057 1948 conjicere,
1086 1899 1328 1949 postquam
1354 1889 1519 1932 Schul-

218 1953 312 1993 tius
330 1984 341 2003 ‚
367 1959 413 1993 et
443 1967 550 1994 cum
580 1952 794 1995 Schultio
824 1951 897 1994 Cl.
929 1951 1103 1993 Paulus
1136 1950 1299 1994 Savius
1319 1950 1435 2008 quid
1457 1951 1520 1990 si-

219 2011 329 2052 mile
359 2011 634 2054 detexerunt
661 2015 710 2054 in
737 2015 945 2054 circuitu
992 2013 1118 2053 succi
1163 2012 1338 2069 proprii
1370 2010 1519 2053 Clzeli„

220 2073 357 2122 donii,
382 2074 464 2129 qui
484 2072 820 2126 circulus,cum
844 2070 1055 2115 Schultio
1079 2073 1203 2114 visus
1228 2075 1285 2114 sit
1308 2069 1405 2113 fieri
1427 2085 1520 2111 non

220 2133 408 2175 seorsim
436 2135 484 2175 in
513 2136 677 2190 quovis
706 2132 965 2174 internodio
985 2164 996 2183 ‚
1029 2139 1084 2173 ut
1113 2134 1162 2173 in
1182 2132 1353 2183 Charis,
1372 2130 1449 2173 sed
1473 2132 1521 2171 in

223 2199 320 2234 tota
348 2206 562 2236 vasorum
590 2192 846 2236 liberorum
889 2191 1178 2250 longitudine
1192 2221 1213 2239 ‚.
1256 2194 1402 2250 magis
1431 2205 1522 2232 ma-

225 2254 384 2311 gisque
414 2253 626 2311 analogia
655 2268 738 2297 sua
759 2250 961 2311 explicat
990 2254 1239 2294 circuitum
1273 2253 1400 2295 succi
1440 2266 1520 2309 per

225 2328 332 2358 vasa
360 2311 670 2373 lymphatica.
703 2314 942 2372 Quidquid
973 2314 1030 2356 sit
1048 2345 1059 2365 ,
1083 2313 1231 2372 liquet
1250 2329 1306 2358 ex
1338 2315 1522 2358 inv-ento
