1669 2563
246 202 330 254 254

186 306 381 348 habetur
404 338 415 356 ‚
447 306 529 362 qui
561 304 730 346 dicitur
753 303 993 362 Poligynia
1016 318 1041 344 a
1065 300 1225 357 multis
1254 299 1445 343 foeminis
1463 334 1474 350 ‚

187 369 336 407 rarius
379 365 565 422 quidem
610 365 827 406 adhibitis
871 364 1109 405 ordinibus
1139 361 1435 418 Heptagynia
1463 392 1473 409 ,

185 427 453 481 Decagynia
478 457 489 475 ,
544 424 901 480 Dodecagynia.
954 423 1135 464 Monere
1185 436 1370 478 quoque
1405 421 1477 475 ju-

186 494 279 535 vat,
302 498 545 527 numerum
567 485 780 526 ordinum
812 485 897 526 sub
921 485 1083 541 quavis
1112 480 1253 523 classe
1279 479 1478 522 militan-

184 550 304 587 tium
335 560 361 586 a
391 544 559 587 Linnaei
592 544 876 601 temporibus
907 544 964 585 ad
986 557 1069 584 nos
1097 542 1189 596 jam
1237 542 1433 582 variasse
1462 570 1475 588 ‚

181 615 228 647 et
258 608 304 646 in
336 613 570 662 posterum
610 619 796 662 quoque
847 601 964 645 forte
1013 603 1296 643 variaturum
1324 632 1335 650 ,
1368 613 1474 639 cum

183 666 231 707 id
263 665 457 722 pendeat
489 679 516 706 a
547 662 716 722 plantis
758 665 973 705 continue
1004 662 1192 704 detectis
1216 693 1227 711 ‚
1259 666 1305 702 et
1347 659 1476 700 dete-

183 725 347 784 gendis
375 756 385 765 .

246 785 291 841 ᾗ.
329 786 425 826 138.
456 782 622 824 Forma
647 815 658 834 ‚
691 790 737 823 et
766 790 931 824 natura
961 781 1203 839 pericarpii
1251 780 1373 837 parit
1405 792 1480 818 or-

188 844 316 886 dines
346 843 502 885 classis
558 845 623 895 14,
669 842 980 897 Didynamiae,
1013 849 1059 882 et
1095 844 1161 882 15.
1195 838 1481 894 Tetradyna-

184 906 299 945 miae.
329 903 449 944 Nam
472 901 749 956 Didynamia
770 901 938 941 dicitur
970 900 1349 957 Gymnospermia,
1374 912 1481 938 cum

189 963 338 1020 pollet
369 963 525 1003 ovario
557 961 834 1018 gynobasico
859 992 870 1010 ,
904 962 1219 1015 tetrasperniio
1244 990 1256 1008 ‚
1289 960 1381 1000 sive
1413 972 1481 998 se·-

185 1023 389 1064 minibus
414 1053 426 1071 ‚
471 1035 570 1078 quae
615 1019 822 1060 Linnaeus
875 1033 1111 1076 perperam
1162 1019 1341 1074 putavit
1388 1031 1482 1059 esse

183 1082 336 1131 nuda,
367 1088 413 1122 et
443 1088 634 1121 vocatur
667 1079 1023 1135 Atzgz'ospermia,
1054 1092 1161 1118 cum
1185 1075 1362 1118 fructus
1383 1078 1483 1132 ejus

182 1139 439 1199 capsularis
471 1148 540 1181 est
567 1172 579 1190 ‚
611 1139 783 1181 abdens
813 1139 984 1180 semina
1031 1138 1152 1178 intra
1201 1150 1247 1177 se
1280 1169 1290 1178 .
1322 1136 1482 1177 Tetra-

183 1201 399 1256 dynamia
452 1214 563 1241 vero
605 1199 847 1241 siliculosa
871 1229 883 1248 ,
926 1205 1007 1239 aut
1036 1196 1265 1253 Siliquosa
1313 1195 1444 1237 audit
1473 1228 1485 1246 ,

187 1268 327 1319 prout
355 1258 537 1301 fructus
569 1260 667 1316 ejus
698 1268 764 1300 est
789 1257 974 1301 silicula
1002 1289 1013 1308 ,
1045 1256 1119 1299 vel
1151 1255 1321 1314 siliqua
1339 1287 1350 1298 .

247 1320 293 1376 §.
331 1321 426 1377 139.
459 1319 571 1361 Tres
604 1352 615 1369 ‚
644 1334 743 1377 quae
771 1322 1079 1375 insequuntur
1102 1349 1114 1368 ‚
1145 1315 1312 1359 classes
1334 1348 1345 1366 ‚
1396 1316 1485 1357 sci-

187 1379 298 1423 licet
334 1379 400 1423 16.
434 1378 787 1437 Monadelphia‚
826 1392 891 1434 17.
925 1376 1203 1435 Diadelphia
1227 1410 1239 1428 ‚
1285 1377 1351 1419 13.
1395 1375 1485 1416 Po-

185 1439 454 1497 lyadelphia
474 1472 486 1490 ,
521 1447 730 1497 praestant
761 1438 1000 1481 ordinibus
1030 1453 1057 1480 a
1087 1452 1279 1480 numero
1325 1434 1485 1478 defini-

185 1508 232 1541 to
253 1532 265 1550 ‚
296 1499 370 1543 vel
394 1498 631 1542 indefinito
681 1500 925 1542 staminum
975 1498 1225 1554 desumptis
1249 1530 1259 1540 .
1290 1496 1485 1539 Ordines

185 1559 360 1602 definiti
385 1560 606 1602 dicuntur
637 1560 877 1602 Triandria
906 1591 917 1609 ‚
951 1559 1244 1607 Tetrandria,
1279 1556 1483 1598 Pantan-

187 1623 287 1662 dria
311 1652 322 1671 ‚
354 1619 625 1662 Hexandria
643 1653 654 1670 ‚
700 1619 990 1676 Heptandria
1013 1651 1024 1669 ‚
1070 1617 1318 1659 occandria
1341 1649 1353 1667 ‚
1386 1615 1484 1656 En-

188 1681 402 1722 neandria
425 1712 438 1731 ,
494 1680 757 1722 Decandria
792 1712 802 1730 ,
853 1678 1165 1720 Endecandria
1186 1710 1197 1728 ,
1260 1674 1484 1718 indefiniti

184 1748 406 1782 vocantur
440 1738 761 1783 Dodecandria
784 1773 796 1791 ,
833 1736 1092 1783 I'cosandria
1118 1770 1130 1789 ,
1176 1736 1453 1794 Polyandria
1471 1767 1483 1785 ,

185 1814 293 1841 cum
323 1799 489 1841 horum
527 1803 704 1857 primus
752 1802 930 1842 variare
982 1800 1124 1856 possit
1169 1812 1194 1838 a
1239 1795 1483 1838 duodecim

187 1860 458 1902 staminibus
500 1874 648 1918 usque
705 1860 763 1901 ad
807 1860 963 1901 decem
1012 1871 1209 1906 novem,
1256 1854 1484 1899 secundus

189 1919 359 1961 habeat
390 1921 583 1961 stamina
613 1922 776 1978 viginti
808 1921 991 1962 circiter
1016 1949 1027 1968 ,
1061 1918 1223 1959 tertius
1259 1931 1285 1958 a
1316 1917 1482 1972 viginti

186 1981 235 2020 in
265 1977 521 2021 infinitum.
555 1978 730 2021 Verum
772 1986 974 2037 quatuor
1019 1978 1252 2019 novissimi
1303 1977 1484 2017 ordines

189 2039 353 2081 harum
383 2038 603 2081 classium
627 2071 640 2091 ,
670 2054 776 2081 cum
827 2037 1080 2095 plurimum
1129 2038 1365 2095 negotium
1415 2033 1485 2075 fa-

188 2106 365 2141 cessant
397 2100 445 2141 in
476 2102 641 2157 praxi,
672 2107 726 2140 ut
755 2100 898 2156 probe
940 2104 1159 2139 eruantur
1185 2129 1196 2147 ,
1229 2104 1276 2137 et
1321 2096 1484 2137 discri-

190 2161 421 2200 minentur
445 2191 457 2209 ‚
491 2162 719 2216 suppressi
752 2167 857 2200 sunt
887 2173 915 2199 a
944 2156 1211 2215 Sprengelio
1241 2158 1289 2197 in
1328 2155 1483 2213 Syste-

190 2218 641 2275 mater-vegetabilium
659 2251 671 2270 ,
701 2218 826 2275 quod
857 2233 1002 2275 nuper
1032 2217 1175 2259 edidit
1201 2248 1211 2258 .

252 2278 296 2334 §.
335 2281 430 2332 140.
462 2277 632 2322 Classis
669 2293 734 2336 19.
769 2278 1046 2336 Syngenesia
1077 2276 1276 2335 possidet
1301 2274 1484 2317 ordines

195 2344 403 2398 quinque
429 2373 441 2392 ‚
473 2343 555 2399 qui
587 2340 827 2383 dicuntur.
1454 2342 1462 2346 ”
