1669 2563
280 199 337 250 34

217 315 307 342 non
339 304 616 360 germinent3
648 318 730 345 cur
751 337 760 354 ‚
794 307 993 363 antiquis
1032 307 1335 346 monumentis
1382 322 1518 349 exca-

216 364 348 412 vatis,
383 364 417 403 si
448 365 511 404 rei
542 362 650 405 fides
681 363 887 406 habenda
913 398 922 414 ,
956 364 1115 422 plantas
1149 373 1303 422 sponte
1337 367 1520 422 prodie-

215 423 309 462 rint
337 436 426 462 non
456 430 586 464 antea
615 425 714 465 visae
738 457 748 474 ‚
781 440 892 481 quas
924 427 1046 482 gigni
1086 441 1111 465 a
1157 426 1402 467 seminibus
1435 427 1519 468 ibi-

217 482 317 522 dem
352 497 377 522 a
409 481 660 539 longinquo
695 492 895 541 tempore
952 485 1350 535 delitescentibus,
1386 493 1430 526 et
1461 487 1519 528 ab

215 544 331 582 aeris
361 550 531 582 attactu
569 543 812 599 prohibitis
842 544 1070 585 creditum
1096 552 1191 593 est3
1226 559 1326 594 cur,
1356 543 1518 601 pluvia

216 603 323 642 satis
363 605 724 658 superveniente,
750 602 888 645 tellus
915 606 962 645 in
982 612 1181 645 crustam
1216 604 1519 646 obdurescens

215 662 588 718 germinationem
621 663 874 720 impediat3
907 678 992 704 cur
1027 672 1152 704 terrae
1204 666 1522 705 comminuan-

214 729 307 771 tur,
340 720 601 771 fodiantur;
628 737 710 763 cur
743 724 948 780 quaedam
975 725 1143 764 semina
1165 725 1350 780 parcius
1368 756 1379 774 ,
1403 739 1518 780 quae-

215 781 317 822 dam
349 780 490 821 altius
522 781 662 822 humo
694 784 740 823 in
773 785 942 824 satione
968 791 1265 839 contegantur
1295 815 1304 823 .

275 841 317 896 §.
357 842 449 882 118.
485 841 581 882 Nec
615 842 764 883 obstat
792 875 802 892 ‚
837 842 962 899 quod
1020 846 1188 884 semina
1240 842 1517 899 aquatilium

212 899 504 957 plantarum,
556 915 665 958 saepe
720 904 857 943 etiam
905 903 1028 959 pisi,
1061 910 1141 943 aut
1188 900 1350 952 lentis,
1397 905 1517 943 intra

213 975 378 1016 aquam
410 961 660 1016 germinare
692 964 788 1002 visa
820 964 908 1003 sint
935 993 947 1012 ‚
980 976 1084 1002 cum
1117 977 1236 1017 aqua
1282 977 1519 1018 nunquam

212 1036 314 1061 aere
355 1020 631 1060 destituatur
658 1053 667 1061 .
722 1021 871 1072 Quare
927 1021 1196 1062 Theodorus
1247 1021 1518 1063 Saussurius

213 1082 524 1137 experimento
560 1080 776 1135 probavit
800 1113 810 1131 ‚
845 1082 1013 1122 semina
1044 1083 1163 1121 intra
1195 1095 1359 1137 aquam
1380 1113 1391 1131 ‚
1419 1096 1517 1137 quae

210 1140 303 1194 jam
347 1138 589 1180 bulliverit
614 1171 624 1188 ,
678 1147 786 1180 tunc
840 1148 1017 1181 tantum
1067 1142 1318 1197 germinare
1346 1172 1356 1190 ,
1412 1155 1519 1182 cum

212 1213 337 1255 aquae
370 1198 549 1255 pondus
580 1198 786 1239 ducentis
808 1231 820 1249 ,
853 1206 936 1239 aut
966 1201 1180 1240 tercentis
1212 1200 1394 1241 vicibus
1450 1216 1520 1242 se-

213 1260 348 1299 minis
382 1258 560 1315 pondus
595 1267 777 1314 superet
804 1291 814 1308 ,
848 1260 959 1315 quia
1012 1261 1058 1298 in
1108 1258 1192 1298 hac
1246 1274 1339 1299 una
1393 1274 1518 1316 aquas

212 1321 466 1374 quantitate
500 1316 612 1357 latet
642 1332 716 1358 aer
741 1349 752 1367 ‚
785 1319 867 1375 qui
899 1317 957 1358 ad
1009 1319 1341 1374 vegetationem
1395 1321 1520 1360 exci-
1564 1342 1566 1345 ·

211 1377 392 1418 tandam
429 1375 621 1418 sufficiat
641 1409 649 1417 .

275 1437 319 1492 ς.
359 1452 452 1494 119.
490 1437 608 1478 Sunt
639 1450 840 1493 quoque,
873 1437 952 1493 qui
985 1435 1225 1487 affirment,
1261 1452 1410 1479 semen
1432 1440 1517 1495 pisi

210 1500 338 1554 prius
362 1512 481 1553 aqua
512 1495 769 1537 emollitum
791 1528 802 1545 ,
834 1510 939 1536 cum
973 1496 1132 1537 deinde
1185 1498 1305 1537 intra
1363 1497 1518 1539 oleum

209 1557 371 1597 fuisset
393 1557 647 1597 demersum
666 1587 676 1604 ,
711 1557 981 1611 germinasse
1006 1587 1015 1595 .
1050 1555 1109 1595 At
1139 1555 1259 1596 idem
1318 1556 1516 1599 Saussu-

211 1619 307 1657 rius
333 1649 343 1666 ‚
378 1613 585 1672 periculo
618 1613 792 1671 pluries
826 1622 1041 1655 renovato
1071 1647 1081 1664 ‚
1116 1631 1209 1656 rem
1242 1628 1516 1673 assequutus

207 1679 390 1716 minime
424 1683 516 1715 est.
549 1674 654 1726 Quae
685 1673 801 1715 forte
835 1676 1108 1730 germinatio
1144 1674 1219 1715 hic
1268 1677 1365 1717 Visa
1411 1686 1478 1718 est
1501 1711 1512 1728 ,

203 1735 295 1776 fuit
326 1743 502 1775 tantum
528 1734 759 1790 absorptio
785 1748 908 1790 aquae
928 1766 938 1784 ,
972 1743 1016 1774 et
1049 1742 1208 1792 turgor
1243 1739 1423 1778 seminis
1455 1753 1513 1778 ex

207 1795 424 1837 affinitate
452 1795 743 1834 minimarum
774 1795 976 1850 partium
997 1826 1006 1835 .
1063 1794 1110 1835 Si
1142 1802 1296 1836 autem
1349 1800 1513 1853 germi-

204 1858 330 1896 natio
361 1869 468 1895 vera
489 1886 499 1903 ‚
533 1853 623 1893 haec
653 1855 833 1909 incepta
863 1855 982 1894 intra
1014 1869 1196 1910 aquam,
1224 1862 1267 1894 et
1298 1856 1356 1896 ab
1387 1872 1507 1907 aere,

206 1917 286 1972 qui
318 1917 365 1955 in
396 1928 530 1970 aqua,
563 1911 637 1953 Vel
669 1915 716 1953 in
749 1911 849 1953 oleo
881 1912 1070 1963 latebat,
1104 1915 1264 1969 adjuta
1290 1946 1299 1955 .

268 1975 312 2030 ξ.
345 1987 440 2015 120.
475 1973 773 2029 Compertum
807 1979 902 2023 est,
948 1988 1099 2015 aerem
1146 1974 1390 2017 ambientis
1438 1984 1509 2018 at-

203 2034 456 2090 mosphaerae
478 2042 682 2073 constare
714 2047 769 2073 ex
796 2046 886 2073 una
906 2065 916 2083 ,
950 2041 994 2073 et
1039 2036 1204 2090 viginti
1245 2038 1362 2077 aeris
1395 2050 1506 2091 oxy-

203 2095 323 2152 genii
353 2126 364 2143 ‚
396 2101 441 2134 et
465 2107 520 2133 ex
552 2094 839 2149 septuaginta
868 2106 1029 2133 novem
1062 2095 1178 2134 aeris
1210 2097 1330 2135 azoti
1359 2128 1369 2146 ‚
1414 2099 1508 2137 sive

205 2155 397 2211 septonii
425 2184 436 2203 ,
470 2153 679 2209 partibus
704 2184 714 2202 ,
746 2154 875 2208 queis
906 2154 1071 2209 passim
1101 2157 1349 2195 commixta
1382 2171 1509 2212 repe-

203 2217 321 2255 ritur
346 2228 437 2254 una
462 2227 517 2252 ex
544 2214 803 2268 quingentis
827 2244 838 2262 ,
863 2220 945 2253 aut
976 2215 1245 2270 octingentis
1301 2217 1512 2272 partibus

204 2276 319 2315 aeris
350 2272 468 2313 acidi
500 2272 730 2312 carbonici
750 2304 760 2313 .
785 2271 900 2312 Aere
934 2276 1159 2330 oxygenio
1206 2288 1261 2314 ex
1331 2278 1512 2316 seminis

207 2332 501 2390 atmosphaera
531 2331 702 2381 ablato,
735 2331 866 2373 nulla
897 2335 1170 2389 germinatio
1203 2332 1297 2376 fuit
1323 2336 1370 2376 in
1402 2335 1511 2378 faba
