1669 2563
1408 172 1463 224 47

234 281 463 338 dispositis
482 310 493 329 ‚
526 284 578 316 ut
609 277 656 316 in
685 272 859 329 Quercu
883 304 892 314 .
929 271 988 311 At
1018 286 1089 312 res
1118 285 1264 327 neque
1295 271 1370 315 hic
1397 305 1408 323 ‚
1440 287 1522 313 ne·-

234 356 323 397 que
354 340 408 380 de
439 336 627 393 reliquis
658 332 827 374 canalis
858 330 1126 373 medullaris
1157 331 1302 372 modis
1354 333 1522 389 proba-

241 396 288 440 ta
316 432 325 441 .

294 459 336 514 ᾗ.
376 457 468 512 159.
501 451 704 494 Medulla
736 450 950 492 centralis
983 457 1077 490 tota
1108 447 1158 490 fit
1191 449 1519 505 parenchyma-

233 525 277 559 te
297 551 306 567 ‚
338 517 468 569 cujus
500 512 676 554 cellulae
705 511 967 568 grandiores
987 542 997 559 ‚
1032 524 1168 565 quam
1194 508 1338 557 alibi,
1368 511 1522 564 praeci-

233 592 321 635 pue
352 589 446 631 quae
477 575 521 613 in
554 575 650 630 ipso
682 581 835 612 centro
871 579 1003 611 sunt.
1038 570 1134 610 Haec
1157 601 1167 619 ‚
1195 568 1304 608 dum
1337 568 1512 621 junior,

233 649 364 677 succo
400 642 580 689 turget,
614 640 658 673 et
691 633 833 680 viret,
858 633 904 672 in
937 631 1058 670 senio
1083 630 1276 678 arescit,
1303 635 1346 668 et
1378 627 1519 676 albet,

231 694 422 736 subiilde
455 692 671 733 lacunosa
697 689 772 741 fit,
806 690 879 731 vel
903 691 1022 730 carle
1054 690 1310 730 absumitur
1335 719 1343 727 .
1377 687 1524 738 Quan-

231 757 335 795 titas
367 752 576 794 medullae
597 785 607 802 ,
641 760 685 792 et
718 750 974 807 amplitudo
1011 748 1286 790 cellularum
1321 747 1420 801 ejus
1453 762 1523 787 res

229 813 472 855 variabiles
504 829 528 853 a
562 811 714 868 planta
747 810 801 851 ad
837 809 1037 867 plantam
1063 841 1072 850 .
1107 809 1240 849 Forte
1272 809 1318 847 in
1351 807 1520 863 quibus

230 875 448 931 stirpibus
480 871 655 913 cellulae
683 870 848 927 reliqui
873 868 1235 926 parenchymatis
1257 876 1363 909 sunt
1389 882 1519 923 gran-

231 934 408 984 diores,
442 935 488 973 in
520 932 679 973 iisdem
706 929 908 972 medulla
941 931 1121 987 parcior
1151 960 1161 970 .

378 1053 516 1094 Radia·
547 1051 830 1093 medullares.
864 1050 954 1092 Cur
985 1049 1152 1091 cellulae
1182 1047 1379 1090 medullae

743 1112 976 1168 ampliores
999 1142 1009 1151 .

286 1232 329 1287 §.
369 1232 463 1274 160.
503 1230 636 1272 Radii
686 1231 944 1272 substantiae
991 1227 1226 1272 cellularis
1258 1242 1283 1268 a
1315 1223 1519 1266 medulla

228 1291 420 1350 profecti
455 1307 532 1347 per
566 1293 814 1331 interstitia
844 1304 1056 1331 vasorum
1102 1302 1246 1344 usque
1293 1286 1349 1326 ad
1395 1294 1522 1326 exte-

229 1355 393 1393 riorem
430 1351 588 1407 plantae
640 1350 826 1407 partem'
866 1349 1147 1396 deveniunt3
1195 1360 1390 1402 cumque
1437 1344 1517 1385 alii

229 1410 485 1452 consimiles
519 1411 633 1450 radii
666 1409 894 1450 involucri
933 1407 1164 1448 corticalis
1209 1406 1366 1448 eodem
1412 1420 1520 1460 pro-

229 1471 473 1527 pemoduin
504 1479 636 1525 pacto
674 1471 831 1525 primis
867 1469 1047 1509 obviam
1078 1466 1184 1507 fiant
1208 1499 1218 1516 ,
1253 1468 1314 1505 ita
1362 1480 1521 1520 super-

226 1530 348 1570 ficies
382 1529 539 1586 plantae
572 1543 676 1568 cum
709 1527 914 1567 medulla
951 1528 1291 1567 communicat.
1325 1525 1380 1564 Hi
1416 1530 1520 1564 sunt·

227 1589 342 1631 radii
379 1587 681 1637 medullares‚
728 1586 782 1627 dc
829 1587 998 1642 quibus
1045 1580 1364 1633 meminimus,
1397 1598 1511 1640 quos

228 1650 430 1691 Grewius
464 1652 762 1688 inser-tamenta
794 1646 904 1686 olim
936 1652 1211 1687 vocaverat.

289 1709 331 1764 ξ.
371 1709 462 1751 161.
488 1707 719 1749 Involucri
746 1704 976 1747 cortic-alis
996 1738 1006 1755 ‚
1035 1713 1078 1745 et
1110 1702 1319 1744 medullae
1346 1719 1424 1758 per
1451 1718 1518 1742 ra-

226 1769 326 1810 dios
358 1768 600 1809 cellulares
632 1768 893 1822 conjunctio
927 1768 972 1806 in
1004 1766 1218 1805 teneriori
1265 1762 1418 1820 planta
1448 1764 1519 1801 vi-

230 1829 442 1878 sibilior3
477 1837 583 1869 tunc
616 1830 734 1869 enim
767 1825 943 1867 cellulae
986 1841 1043 1866 ex
1090 1825 1255 1865 minori
1302 1837 1516 1863 vasorum

227 1891 454 1947 pressione
486 1889 774 1946 grandiores.
808 1886 1057 1942 Nunquam
1090 1885 1177 1925 liaec
1210 1884 1361 1931 (leest3
1398 1897 1515 1922 nun-

228 1965 365 2006 quam
396 1949 572 1989 cellulae
608 1949 842 1988 radiorum
874 1947 985 1987 adeo
1032 1946 1429 2001 comprimuntur,
1468 1950 1521 1982 ut:

227 2009 357 2050 nulla
388 2012 505 2050 inter
543 2007 794 2049 medullam
820 2039 830 2057 ‚
878 2017 920 2048 et
964 2007 1181 2047 corticem
1233 2005 1388 2044 semita
1441 2018 1521 2059 pa-

229 2077 319 2110 teat
348 2102 357 2110 .
411 2069 478 2110 Ita
533 2067 581 2109 fit
608 2101 618 2119 ‚
673 2076 724 2108 ut
778 2069 824 2107 in
874 2080 1147 2123 quacunque
1209 2062 1282 2106 vel
1335 2078 1520 2118 compa—-

229 2131 361 2170 ctiori
394 2131 556 2170 arbore
581 2161 591 2178 ,
626 2130 660 2169 si
694 2136 849 2169 cortex
882 2128 979 2182 ejus
1016 2129 1062 2167 vi
1114 2123 1375 2172 avellatur,
1409 2122 1518 2162 dum

231 2204 393 2230 succus
425 2189 624 2231 ascendit
656 2190 703 2228 in
756 2187 909 2244 planta
935 2219 945 2236 ‚
998 2186 1275 2227 remanentia
1320 2181 1518 2225 frustula

230 2246 419 2289 humore
449 2282 459 2299 ‚
493 2264 628 2306 quem
662 2264 688 2288 a
720 2247 857 2289 radiis
889 2246 1001 2303 ligni
1042 2245 1265 2287 hauriunt
1289 2276 1298 2293 ‚
1348 2250 1516 2283 scatere

232 2316 452 2365 pergant.
499 2309 689 2366 Insuper
739 2306 973 2350 Hamelius
1015 2320 1121 2348 cum
1173 2306 1221 2346 in
1261 2302 1517 2359 junioribus
