1669 2563
1255 87 1343 128 235

181 196 224 251 §.
259 195 329 237 33.
361 194 551 236 Germen
582 193 760 233 seminis
788 222 798 240 ‚
830 191 1019 246 emhryo
1048 222 1058 240 ‚
1088 198 1155 233 est

174 252 649 311 *Monoco'tyledoneum
674 283 684 300 ,
716 251 1113 306 dicotyledoneum‚
1129 249 1410 306 polycotyle-

119 317 304 358 donezmz
326 346 336 355 .

180 373 416 415 Globosum
440 402 451 421 ,
483 369 810 425 ellipsoideum,
865 367 1092 410 ovoideum
1111 398 1128 419 2
1168 370 1366 409 conicum
1400 400 1410 417 ‚

116 432 384 474 turbinatam
423 462 434 480 ‚
487 428 698 484 filiforme
734 460 745 478 ‚
797 425 1034 484 susf‘forme
1064 459 1076 478 ‚
1121 426 1373 482 claviforme
1397 460 1408 477 ,

108 490 411 549 fungff'formffi
460 488 716 544 cordfforme
743 519 755 537 ,
806 486 1114 544 scutellzsorme
1149 518 1160 536 ‚
1201 487 1411 544 cylindri-

115 567 213 594 cum
238 583 249 601 ‚
301 547 556 591 lenticulam
574 579 583 589 .

181 608 442 651 Troclzleare
473 640 485 659 ,
515 607 630 650 idest
660 607 796 649 breve
814 639 827 658 ,
859 605 1167 662 cylindrieum
1193 637 1206 656 ‚
1260 604 1410 646 medio

116 671 427 711 constrictum.

172 728 359 770 Rectum
381 760 393 778 ,
430 735 660 770 arcuatum
679 759 689 769 .

175 788 428 830 Recurvum
452 820 463 840 ,
513 795 788 829 recurvatum
814 818 825 836 ,
880 786 944 827 ita
987 792 1040 825 ut
1081 782 1409 840 cotyledonum

115 863 231 906 apex
267 855 421 905 tangat
447 881 458 899 ,
491 847 566 889 vel
597 848 932 904 appropinquet
954 844 1166 886 radiculae
1199 876 1208 886 .

175 908 485 950 Geniculatum
508 940 519 959 ,
552 906 751 949 formans
777 906 1003 964 plicatura
1048 920 1132 947 sua
1187 902 1409 962 angulum

114 967 404 1010 rectilineum
422 1000 431 1010 .

174 1028 461 1085 Replicatum
484 1059 496 1078 ,
528 1024 890 1083 conduplicatum
916 1057 928 1076 ,
961 1026 1025 1066 ita
1056 1033 1109 1066 ut
1141 1030 1292 1082 partes
1325 1021 1417 1080 pli-

115 1096 222 1130 catae
254 1090 343 1130 sint
373 1086 600 1146 parallelae
634 1119 646 1138 ‚
679 1094 760 1128 aut
789 1085 883 1129 fere
915 1084 1145 1144 parallelae
1178 1086 1294 1125 inter
1329 1098 1373 1123 se
1404 1115 1413 1123 .

175 1148 398 1198 Anulum,
431 1155 674 1188 curvatum
705 1145 833 1188 anuli
864 1146 1028 1195 modo,
1059 1153 1114 1187 ut
1137 1159 1253 1202 apex
1283 1150 1415 1197 coty-

115 1207 291 1250 ledonis
322 1216 477 1266 tangat
506 1209 681 1265 apicem
714 1205 927 1248 radiculae
956 1238 966 1247 .

179 1267 239 1310 In.
271 1267 411 1310 orbem
441 1276 730 1317 contractum,
764 1266 880 1308 idest
912 1265 1176 1323 sphaericum
1206 1295 1219 1315 ‚
1251 1261 1415 1321 globo-

119 1343 219 1370 sum
245 1361 255 1370 .

179 1386 361 1443 Spirale
380 1419 391 1437 ,
413 1385 685 1430 cochleatum
702 1419 713 1437 ,
743 1392 1005 1428 contortum
1037 1382 1198 1427 helicis
1226 1381 1364 1423 modo
1400 1413 1410 1422 .

173 1446 460 1497 Flexuosum,
494 1447 676 1489 diverso
706 1443 842 1488 modo
873 1452 1148 1496 eurvun1‚et
1179 1445 1413 1485 sinuosum

117 1508 166 1547 in
196 1506 483 1564 longitudine
516 1521 597 1548 sua
623 1538 632 1548 .

174 1565 404 1609 Inclusum
428 1599 439 1618 ‚
474 1567 684 1608 reclusum
714 1566 833 1607 intra
862 1565 1140 1623 perisperma
1172 1595 1183 1606 .

176 1626 352 1669 Axeum
378 1659 390 1678 ,
421 1627 541 1669 axile
560 1658 571 1677 ,
604 1625 710 1684 plus
739 1627 945 1666 minusve
976 1631 1263 1665 attenuatum
1283 1654 1294 1672 ,
1338 1636 1418 1677 pe-

116 1687 384 1744 rispermate
424 1686 793 1736 circumdatum,
837 1692 882 1726 et
923 1700 949 1726 a
991 1691 1161 1741 puncto
1207 1681 1421 1740 periphe-

118 1748 191 1788 riae
223 1748 406 1788 seminiS
438 1754 560 1789 recta
591 1762 670 1803 per
701 1754 910 1786 centrum
940 1745 1225 1802 pertingens,
1247 1750 1329 1782 aut
1359 1740 1424 1781 fe-

121 1822 166 1847 re
189 1810 445 1864 pertingens
475 1806 532 1847 ad
565 1813 787 1863 punctum
821 1805 1105 1862 oppositum,
1135 1809 1294 1860 estque
1323 1815 1414 1842 Sur-

118 1880 212 1907 sum
230 1899 242 1917 ‚
276 1868 473 1910 deorsum
492 1898 504 1917 ‚
537 1874 776 1907 transverse
798 1897 809 1915 ‚
840 1864 1014 1920 oblique
1044 1877 1225 1904 asceam.

119 1925 352 1978 Mediam,
403 1925 584 1976 latum,
637 1925 843 1968 dividens
893 1925 1171 1982 perisperma
1215 1924 1262 1963 in
1305 1920 1420 1961 duas

122 1993 270 2043 partes
300 2001 439 2043 prope
472 1984 665 2043 aequales
683 2018 693 2027 .

179 2044 409 2096 Οθηίναῖθ,
457 2048 749 2088 excentricum
777 2077 788 2094 ‚
823 2045 961 2086 situm
1007 2045 1053 2084 in
1105 2049 1263 2084 centro
1289 2074 1299 2092 ,
1348 2039 1421 2082 vel

122 2112 250 2147 extra
280 2112 486 2147 centrum
519 2106 858 2163 perispermatis
882 2138 890 2146 .

180 2164 390 2206 Exterius
413 2198 424 2215 ,
458 2168 596 2207 situm
628 2168 676 2206 in
708 2163 946 2222 superficie
973 2163 1311 2219 perispermatis
1336 2192 1345 2200 .

181 2224 512 2282 Periplzerz'czcm
541 2257 551 2276 ‚
603 2225 817 2267 albumini
868 2225 1224 2280 circumpositum
1250 2254 1261 2272 ,
1314 2234 1420 2260 cum
