1669 2563
1375 165 1426 207 15

209 271 380 328 quibus
408 269 577 312 lacunae
608 266 881 325 respondent
904 299 915 317 ‚
947 266 1152 310 defectus
1205 284 1424 326 porosum
1445 271 1492 311 in

208 331 422 374 cellulari
455 329 706 371 substantia
723 358 734 369 .

265 391 309 446 ς.
342 390 409 446 57.
437 387 632 444 Aliaque
656 388 884 428 rationum
906 393 1132 428 momenta
1148 389 1312 429 nostris
1332 388 1494 430 deinde

215 449 391 491 addidit
422 446 840 489 Patrick-Keithius
868 479 877 488 .
911 446 1278 504 Epidermisjam
1331 454 1398 488 est
1441 451 1490 488 in

207 508 316 551 flore
363 510 482 548 intra
512 506 717 562 calycem
748 505 903 548 clauso
928 538 939 556 ,
972 522 997 548 a
1040 521 1133 563 quo
1186 507 1330 547 omnis
1378 510 1495 548 aeris

206 575 399 610 attactus
428 567 667 624 hucusque
699 566 959 624 prohibitus
984 599 994 608 .
1026 565 1245 608 Cuticula
1275 568 1494 608 continuo

210 635 452 669 renovatur
484 629 531 667 in
563 627 797 669 radicibus
827 625 994 667 Betulae
1025 625 1116 668 alte
1159 627 1279 666 intra
1329 634 1497 668 terram

205 686 362 729 defixis
385 719 396 738 ‚
429 686 502 728 vel
534 688 580 728 in
613 687 802 729 caudice
859 687 958 742 ejus
985 718 996 736 ,
1031 688 1078 727 in
1131 686 1302 742 quibus
1353 701 1498 727 mem-

201 748 350 789 branae
381 746 584 789 arefactae
616 754 776 804 tegunt
807 746 1128 803 parenchyma‚
1157 754 1201 787 et
1232 761 1381 787 aerem
1436 747 1495 789 ab

201 806 286 848 illo
319 822 505 864 prorsus
534 816 715 850 arcent.
749 805 902 848 Partes
937 806 1158 863 quaedam,
1192 805 1302 848 licet
1353 805 1497 848 cellu-

202 866 300 908 loso
334 875 462 908 textu
495 882 581 924 prae
613 868 784 910 caeteris
817 865 1036 923 polleant,
1069 881 1225 907 earum
1253 865 1499 923 epidermi-

203 927 258 968 de
291 926 539 977 destructa,
573 926 702 969 illam
734 941 989 983 nunquam,
1022 925 1095 967 vel
1127 925 1396 968 difficillime
1417 928 1498 968 ite-

201 1002 307 1028 rum
339 987 658 1044 adipiscuntur
685 1020 694 1029 .
729 986 936 1028 Vulnera
971 985 1231 1043 plantarum
1256 1019 1268 1037 ,
1316 988 1351 1028 si
1401 985 1498 1028 fue-

203 1048 296 1087 rint
326 1048 542 1097 obducta,
577 1047 650 1088 vel
673 1048 730 1088 ab
765 1049 881 1088 aeris
914 1047 1097 1101 injuriis
1130 1045 1327 1096 defensa,
1360 1047 1497 1088 citius

205 1105 673 1157 conferruminantur‚
696 1122 812 1148 nova
834 1108 1180 1163 superveniente
1202 1106 1496 1162 epidermide,

206 1182 346 1224 quam
379 1183 476 1225 quae
508 1167 685 1210 detecta
716 1168 1009 1223 sibimetipsis
1033 1167 1379 1223 relinquuntur.

264 1227 307 1282 ς.
344 1227 412 1269 58.
434 1228 614 1279 Quibus
629 1228 840 1268 omnibus
861 1234 905 1267 et
920 1227 1063 1282 major
1083 1229 1343 1283 supervenit
1363 1228 1499 1267 ratio-

207 1301 320 1327 num
348 1289 418 1327 vis
443 1302 499 1328 ex
533 1286 829 1343 epidermidis
855 1285 1065 1326 animalis
1089 1286 1315 1343 analogia,
1365 1288 1499 1341 cujus

205 1354 420 1387 naturam
464 1347 724 1402 organicam
749 1344 821 1386 Cl.
854 1344 1023 1385 Profes.
1059 1346 1269 1401 Mojonus
1294 1345 1500 1401 perbelle

207 1404 539 1446 demonstravit
566 1436 576 1446 .
609 1405 708 1445 Haee
739 1407 858 1444 enim
888 1405 1125 1446 nobiscum
1153 1406 1354 1447 nascitur
1376 1436 1387 1454 ,
1418 1419 1502 1446 no-

205 1465 387 1506 hiscum
418 1463 700 1511 extenditur,
733 1464 780 1503 vi
835 1463 1122 1512 absorbente,
1155 1472 1200 1504 et
1254 1463 1498 1505 exhalante

203 1523 350 1581 pollet
376 1555 386 1573 ‚
420 1522 694 1579 producitur
726 1523 775 1561 in
807 1535 984 1576 ungues
1004 1553 1014 1570 ‚
1048 1525 1183 1561 etiam
1230 1537 1322 1577 qua
1370 1532 1498 1578 parte

204 1582 338 1624 nulla
369 1582 561 1624 adhaesio
607 1589 674 1622 est
716 1595 824 1622 cum
855 1579 1073 1622 cellulari
1106 1588 1236 1620 textu
1264 1613 1275 1630 ‚
1331 1583 1367 1621 si
1418 1597 1500 1624 nos

204 1652 474 1701 aegrotamus
502 1675 513 1693 ‚
566 1648 752 1698 aegrotat
786 1672 797 1691 ,
833 1655 942 1697 saepe
986 1637 1295 1681 inflammatur
1324 1673 1335 1691 ‚
1367 1639 1499 1682 dolo-

204 1719 301 1745 rem
346 1705 496 1760 parit,
549 1704 585 1743 si
629 1702 822 1742 moritur
844 1733 854 1752 ,
895 1700 993 1742 abit
1025 1702 1072 1741 in
1126 1699 1358 1750 furfures,
1391 1716 1498 1743 eum

204 1763 272 1805 nil
295 1763 553 1806 evidentius
581 1763 629 1801 in
654 1759 932 1802 animalibus
964 1762 1037 1810 sit,
1063 1775 1201 1817 quam
1226 1759 1350 1816 quod
1374 1776 1498 1802 mor-

207 1831 294 1864 tuae
350 1831 500 1881 partes
558 1820 690 1862 nullo
736 1828 869 1878 pacto
919 1835 1026 1862 cum
1080 1821 1341 1862 viventibus
1392 1836 1501 1863 con-

207 1885 373 1926 sociari
407 1884 606 1941 possint,
638 1881 685 1922 id
716 1880 790 1922 vel
822 1883 972 1923 carnis
1002 1895 1267 1939 gangraena,
1299 1878 1373 1923 vel
1403 1883 1502 1938 ipsa

207 1946 383 1986 ossium
411 1943 589 1985 necrosi
621 1941 813 1983 docente
839 1973 849 1982 .

269 2004 314 2059 §.
349 2003 419 2060 59.
451 2004 662 2059 Denique
693 2001 889 2043 dubium
921 2014 1050 2042 omne
1084 1999 1222 2042 solvit
1244 1998 1315 2042 CI.
1372 1999 1501 2041 Ami-

208 2064 340 2114 cius‚
373 2066 454 2120 qui
489 2078 573 2120 ope
605 2063 895 2118 microseopii
949 2063 1021 2103 sui
1073 2061 1190 2102 vidit
1239 2063 1287 2101 in
1331 2059 1501 2118 plantis

210 2122 406 2165 cellulas
438 2121 729 2180 epidermidis
760 2120 936 2171 forma,
969 2129 1014 2162 et
1067 2121 1317 2163 directione
1371 2135 1497 2178 pror-

212 2197 286 2224 sus
316 2183 495 2225 diversa
539 2181 714 2241 pollere
771 2197 798 2222 a
846 2181 1072 2238 suppositi
1127 2180 1495 2238 parenchymatis

211 2241 412 2293 cellulis3
436 2243 538 2285 ideo
558 2242 820 2300 plantarum
841 2242 1084 2299 epidermis
1115 2243 1373 2298 organicam
1390 2253 1496 2296 pro-

214 2303 315 2359 prio
345 2303 481 2347 modo
503 2310 736 2346 texturam
754 2335 766 2355 ,
790 2301 923 2345 nullo
948 2300 1203 2360 refragante
1226 2333 1238 2352 ‚
1260 2299 1459 2359 possidet
1481 2330 1491 2339 .
