1669 2563
208 190 211 194 .
241 158 325 200 258

179 262 366 304 dorsum
410 294 421 312 ,
481 260 598 304 idest
655 264 863 319 paginam
925 257 1186 301 inferiorem
1243 259 1417 302 frondis
1456 292 1467 310 ,

179 330 374 379 suntque
429 321 759 379 conceptacula
814 319 1100 378 capsularia,
1140 323 1233 362 sive
1280 318 1474 377 capsulae

177 382 352 425 sessiles
375 416 386 433 ‚
417 384 464 423 in
493 381 648 424 valvas
678 381 792 422 duas
841 396 919 438 per
953 380 1290 438 longitudinem
1342 379 1472 421 dehi-

179 450 386 493 scentes,
431 441 564 484 valva
615 449 809 500 utraque
866 439 1238 491 multiloculari,
1307 439 1476 482 loculis

180 517 295 560 poro
325 504 494 559 apertis
523 534 533 543 .

240 565 286 616 4.
318 560 759 619 Sclzisnzatopterides·
788 568 895 603 sunt
926 559 1088 618 plantae
1119 561 1346 602 instructae
1376 573 1480 600 cor-

181 637 255 662 mo
288 622 554 664 ascendente
586 620 748 662 foliato
775 653 787 671 ,
820 622 915 669 sive,
958 620 1117 662 fronde
1163 622 1364 677 primum
1407 619 1482 659 de-

181 689 314 739 gente
346 684 391 722 in
422 683 682 723 vernatione
714 682 934 721 circinata
953 713 963 723 .
995 679 1385 721 Fructificationes
1415 694 1483 719 ra-

182 756 232 782 ro
264 741 473 783 incolunt
516 740 703 782 dorsum
746 739 919 782 frondis
947 773 958 791 ,
991 740 1267 798 plerumque
1297 753 1405 781 vero
1435 740 1483 778 in

182 803 374 859 spicam,
397 800 470 842 vel
502 799 763 858 paniculam
795 799 1127 857 disponuntur,
1154 808 1351 857 suntque
1373 813 1484 839 con-

183 859 423 918 ceptacula
452 858 712 916 capsularia
734 891 745 909 ,
780 861 873 901 sive
918 858 1113 917 capsulae
1159 860 1484 917 pseudo-gyra-

183 929 233 962 1·ae
256 954 266 970 ,
297 924 412 962 rima
443 918 722 960 dehiscentes
743 950 753 960 .

243 980 283 1022 5.
316 979 477 1020 Filices
509 986 615 1019 sunt
647 977 814 1035 plantae
844 978 1074 1019 instructae
1121 992 1277 1019 cormo
1329 991 1486 1019 ascen-

182 1039 316 1080 dente
362 1037 523 1080 foliato
548 1070 558 1087 ‚
606 1038 699 1080 sive
749 1035 910 1078 fronde
962 1039 1161 1094 primum
1210 1037 1398 1093 degente
1438 1038 1487 1077 in

185 1100 450 1146 vernatione
471 1098 693 1139 circinata
726 1129 736 1141 .
770 1095 1163 1138 Fructificationes
1213 1096 1484 1153 plerumque

187 1157 363 1200 sessiles
394 1160 440 1199 in
471 1158 606 1199 dorso
637 1156 813 1199 frondis
838 1189 850 1208 ,
882 1156 1008 1199 factae
1040 1155 1243 1215 capsulis
1274 1158 1448 1214 gyratis
1471 1188 1483 1207 ,

186 1218 507 1276 irregulariter
542 1215 886 1260 dehiscentibus
915 1250 924 1259 .

242 1278 289 1321 6.
318 1277 672 1335 Hydropterides
711 1285 818 1320 sunt
843 1276 1004 1335 plantae
1028 1290 1184 1318 cormo
1220 1275 1491 1318 ascendente

187 1337 470 1389 cauliformi,
503 1336 718 1396 foliisque
750 1338 955 1395 praeditae,
988 1345 1120 1378 antea
1151 1339 1199 1377 in
1226 1337 1492 1378 vernatione

184 1401 262 1440 vix
294 1400 515 1440 circinata
543 1398 815 1441 absconditae
835 1430 847 1449 ‚
884 1412 1081 1455 quarum
1115 1395 1492 1439 fructificationes

187 1466 292 1500 sunt
312 1457 641 1516 conceptacula
663 1473 753 1500 non
775 1458 1074 1508 dehiscentia,
1097 1459 1192 1499 sive
1216 1455 1394 1497 nuculae
1418 1454 1493 1496 vel

189 1519 374 1575 sepultae
406 1520 454 1559 in
485 1518 583 1560 basi
615 1517 865 1570 foliorum,
898 1517 973 1559 vel
1007 1520 1096 1559 sitae
1119 1531 1259 1575 prope
1293 1515 1492 1566 radices,

186 1578 260 1620 vel
282 1581 327 1619 in
352 1578 585 1621 radicibus
615 1611 626 1630 ,
653 1575 967 1636 pedunculatae
985 1610 996 1628 ‚
1029 1585 1110 1619 aut
1143 1575 1317 1619 sessiles
1341 1608 1350 1617 .

247 1653 287 1694 7.
311 1637 467 1680 Musca·
496 1646 602 1680 sunt
622 1638 781 1696 plantae
803 1652 957 1680 cormo
979 1637 1246 1679 ascendente
1272 1634 1493 1678 caulifor-

188 1701 289 1748 mi,
332 1697 497 1740 folioso
543 1698 749 1750 donatae,
803 1700 850 1740 in
899 1699 1070 1756 quibus
1121 1695 1495 1739 fructificationes

188 1758 401 1800 foelnineae
432 1757 660 1801 habentur
691 1761 738 1800 in
769 1756 1107 1816 conceptaculis
1139 1757 1492 1807 circummissis,

187 1820 281 1860 sive
319 1817 461 1859 thecis
511 1818 731 1875 operculo
786 1817 956 1861 clausis
979 1850 990 1869 ‚
1022 1825 1067 1859 et
1102 1815 1299 1874 caliptra
1350 1815 1495 1858 obdu-

187 1879 288 1929 ctis,
323 1879 481 1935 saepius
514 1877 775 1935 pedunculo
809 1876 1014 1919 suffultis
1041 1907 1052 1919 .

248 1938 290 1978 8.
323 1937 561 1994 Hepaticae
592 1946 698 1978 sunt
718 1937 879 1997 plantae
901 1940 1129 1978 instructae
1154 1949 1309 1978 cormo
1335 1949 1494 1977 ascen-

189 1996 322 2038 dente
352 1997 427 2040 vel
457 1996 721 2038 cauliformi
751 1996 935 2048 folioso,
956 1995 1029 2038 vel
1062 2011 1248 2054 prorsus
1278 1994 1492 2045 foliaceo,

189 2055 445 2114 proferente
477 2055 849 2099 fructificationes
881 2060 928 2098 in
959 2055 1299 2115 conceptaculis
1335 2071 1497 2113 capsu-

189 2117 368 2159 laribus
396 2150 408 2168 ,
440 2119 532 2160 sive
569 2119 615 2158 in
646 2116 846 2174 capsulis
885 2117 1098 2167 levibus,
1145 2115 1494 2174 pedunculatis‚

191 2175 410 2219 solitariis
431 2209 440 2227 ,
474 2184 556 2219 aut
586 2176 803 2235 pluribus
833 2176 965 2220 clavo
997 2176 1204 2218 solitario
1229 2176 1376 2219 affixis
1394 2209 1403 2218 .

253 2252 294 2294 9.
327 2236 712 2295 Homallophyllae
743 2245 848 2279 sunt
879 2238 1039 2295 plantae
1056 2244 1289 2279 terrestres
1317 2240 1491 2281 instru-

191 2302 272 2338 ctae
322 2311 479 2338 cosmo
531 2296 727 2340 foliaceo
755 2330 765 2349 ,
804 2299 1016 2356 depresso
1043 2330 1055 2348 ‚
1101 2296 1240 2355 plano
1268 2331 1280 2349 ,
1322 2296 1496 2342 ferente

190 2355 566 2401 fructificationes
613 2360 661 2400 in
693 2360 946 2418 sporangiis
974 2360 1184 2402 exsuccis
1207 2391 1218 2401 .
