1669 2563
1308 86 1391 126 203

237 192 419 235 Tectum
449 206 474 232 a
505 191 602 232 basi
634 190 877 231 staminum
907 187 1097 231 dilatata
1122 221 1134 240 ,
1181 196 1226 230 et
1269 191 1316 230 in
1370 188 1462 230 for-

175 254 322 295 nicem
345 253 623 295 connivente.

231 311 473 360 IIiulcum,
506 310 632 365 apice
664 308 988 365 semiapertum
1019 306 1110 361 jam
1142 310 1188 346 in
1228 305 1463 349 florescen-

173 374 237 413 tia
260 403 270 412 .

236 428 540 476 Uniloculare,
560 425 797 467 biloculare
816 427 916 477 δικ,
937 425 1260 468 multiloculare
1283 441 1309 465 a
1338 425 1466 466 loeu-

170 489 228 530 lis
256 490 461 529 internis.
494 485 659 529 Loculi
691 486 911 529 dicuntur
942 485 1204 534 αηίουιιῖαεὶ,
1231 484 1462 534 ὂὶουιιῖαῑί,

171 548 465 590 multiovulati
494 562 521 587 a
549 560 737 588 numero
769 561 961 589 ovorum
980 578 991 597 ‚
1019 553 1064 587 et
1084 559 1168 587 ova
1191 547 1287 603 ipsa
1301 557 1469 586 vocan-

170 616 246 649 tur

231 665 459 723 Apposita
481 698 492 716 ‚
524 679 631 706 cum
686 667 895 722 proxime
921 672 1021 707 orta
1039 697 1050 715 ‚
1083 673 1128 706 et
1153 662 1209 704 ad
1263 662 1465 704 eamdem

169 725 376 768 libellam
406 725 616 783 degentia
643 757 653 766 .

225 785 523 842 Superposita
548 817 559 836 ,
593 800 697 826 cum
730 784 859 827 aliud
892 800 1027 842 super
1060 782 1188 826 aliud
1221 784 1423 825 nascitur
1443 814 1452 824 .

237 846 493 889 Uniseriata
510 878 520 896 ‚
554 845 760 886 biseriata
775 848 880 895 δια,
901 847 1191 887 mulciseriata
1201 876 1217 897 ,
1236 859 1340 885 cum
1363 842 1472 901 plu-

171 922 222 948 ra
254 908 540 964 superposita
572 904 692 946 linea
740 908 874 947 unica
900 938 911 956 ‚
957 905 1135 963 duplici
1189 913 1275 946 etc.
1305 936 1315 954 ,
1348 902 1472 944 mul-

172 965 328 1024 tiplici
356 998 365 1007 .

230 1026 405 1082 Sparsa
432 1058 443 1076 ‚
472 1024 588 1068 idest
612 1024 762 1067 multa
793 1027 886 1067 sine
919 1024 1077 1066 ordine
1100 1057 1111 1067 .

232 1084 535 1141 Conglobata,
568 1100 674 1129 cum
706 1085 853 1128 multa
873 1087 919 1127 in
946 1084 1194 1143 glomerem
1221 1082 1472 1126 rotundum

175 1153 440 1187 coacervata
466 1178 477 1188 .

126 1236 128 1238 v
175 1204 324 1247 Stilus
355 1213 422 1247 est

234 1264 474 1307 Solitarius
500 1296 510 1315 ‚
544 1265 631 1306 duo
657 1297 667 1315 ‚
707 1274 792 1307 tres
822 1267 902 1307 &a
925 1297 936 1316 ‚
983 1266 1138 1315 malti,
1189 1261 1309 1305 unde
1339 1260 1472 1304 flores

175 1323 395 1366 dicuntur
426 1328 705 1381 monogynii,
739 1328 906 1381 digynii
925 1358 935 1376 ,
971 1327 1149 1382 trigynii
1174 1357 1184 1375 ,
1223 1325 1309 1365 &a
1329 1354 1346 1376 ,
1379 1337 1471 1378 po-

176 1387 371 1442 lygynii.
403 1383 647 1442 Polygynii
679 1384 952 1444 plerumque
985 1387 1214 1443 incipiunt
1244 1399 1271 1426 a
1306 1398 1469 1424 nume-

176 1460 227 1488 ΪΟ
258 1459 433 1486 SenaI'IO
459 1476 468 1486 .

235 1504 430 1554 Nullus,
465 1519 492 1544 a
523 1502 704 1545 defectu
730 1537 740 1546 .

240 1564 502 1606 Terminalis
526 1595 536 1614 ,
569 1564 766 1606 lateralis
790 1597 801 1615 ‚
847 1564 1052 1606 basilaris
1079 1596 1090 1614 ‚
1134 1577 1242 1605 cum
1288 1559 1471 1620 profici-

177 1626 319 1666 scitur
352 1641 409 1667 ex
439 1626 567 1683 apice
592 1626 867 1682 geometrico
895 1657 905 1675 ,
939 1640 962 1666 e
993 1624 1134 1666 latere
1162 1656 1173 1675 ‚
1200 1622 1273 1665 vel
1305 1637 1328 1663 e
1370 1622 1469 1664 basi

181 1699 324 1727 ovaru
342 1718 353 1727 .

234 1744 539 1802 Gynobasicus
564 1777 576 1796 ‚
600 1758 707 1786 cum
739 1745 886 1786 oritur
912 1759 969 1786 ex
998 1750 1153 1785 centro
1197 1743 1343 1785 ovarii
1386 1755 1467 1800 gy-

177 1806 381 1847 nobasici
406 1838 416 1847 .

234 1865 474 1922 Capillaris
501 1897 512 1917 ,
536 1863 762 1920 filiformis
789 1896 800 1915 ‚
832 1873 941 1905 teres
966 1896 977 1914 ‚
1011 1864 1217 1905 clavatus
1242 1895 1253 1913 ‚
1285 1860 1471 1904 subula-

179 1933 251 1966 tus
275 1958 285 1977 ‚
319 1929 515 1982 trigonus
540 1959 550 1975 ,
581 1928 759 1967 οοηίεαε
784 1957 795 1975 ,
843 1924 1094 1966 turbinatus
1117 1957 1128 1976 ,
1175 1922 1471 1980 inficndc'buli-

169 1983 330 2040 formz's
348 2018 358 2035 ‚
391 1988 532 2028 tenuis
557 2018 567 2036 ‚
599 2000 773 2027 crassus
796 2017 806 2026 .

243 2044 499 2101 Ensiformis
525 2078 536 2096 ‚
568 2045 715 2087 medio
748 2059 924 2087 crassus
948 2046 995 2086 in
1019 2052 1114 2086 tota
1139 2041 1428 2101 longitudine
1456 2074 1467 2091 ,

183 2105 399 2164 utrinque
449 2106 629 2147 tenuior
661 2106 865 2162 margine
893 2138 904 2147 .

240 2163 542 2220 Spatlzztlatus
561 2198 572 2216 ‚
603 2167 731 2222 apice
763 2163 984 2206 dilatatus
1015 2162 1183 2220 spathae
1213 2161 1348 2204 modo
1373 2193 1383 2202 .

241 2223 478 2268 Caritzatus
506 2258 517 2275 ,
549 2239 718 2267 eurvus
749 2227 907 2267 carinae
942 2226 1082 2266 instar
1101 2255 1111 2264 .
