1669 2563
664 263 893 307 Panicula
918 296 928 306 .

215 385 258 441 ξ.
291 384 360 427 26.
391 383 595 426 Habetur
619 383 839 440 panicula
862 417 872 434 ‚
905 398 1011 427 cum
1042 382 1214 435 rachis,
1249 397 1328 424 seu
1367 398 1452 440 pe-

157 445 386 487 dunculus
416 445 657 501 primarius
699 446 946 486 successive
1002 443 1194 486 solvitur
1221 445 1269 483 in
1300 458 1450 484 ramos

157 503 379 547 floriferos
408 504 565 561 longos
585 536 595 555 ‚
626 507 848 562 praecipue
879 503 1053 546 inferne
1072 536 1082 546 .
1114 504 1213 545 Haec
1244 502 1449 561 peculia-

159 567 221 607 ris
251 574 316 606 est
348 563 625 605 Graminibus
648 596 657 605 .
689 565 873 605 Dicitur

216 624 417 682 Simplex
439 657 450 676 ,
481 637 653 666 ramosa
681 639 706 665 a
738 626 873 666 ramis
898 623 1185 682 simplicibus
1204 655 1217 673 ,
1248 620 1323 664 vel
1372 621 1447 663 di-

158 699 266 726 vis1s
292 717 301 726 .

215 744 416 801 Sparsa,
445 744 636 785 secanda
649 774 665 795 2
695 743 998 794 ιιηὶῖαίεναῖἱε,
1031 758 1058 786 a
1088 741 1338 785 directione
1369 755 1452 798 pe-

157 803 481 855 dunculorum,
508 811 589 844 aut
618 817 849 844 ramorum
872 835 881 844 .

215 863 436 918 Congesta
457 895 467 913 ‚
498 864 632 904 densa
655 895 664 910 ‚
685 869 764 901 aut
790 861 1059 917 pauciflora,
1086 864 1118 902 va
1148 858 1340 903 stoi-ibus
1364 874 1448 917 ap-

160 924 437 980 proximatis
461 956 471 974 ,
496 921 569 963 Vel
602 922 900 978 paucioribus
926 952 936 961 .

215 982 386 1023 Patens
415 996 441 1022 a
473 982 609 1022 ramis
639 980 696 1021 ad
723 978 942 1036 angulum
963 985 1150 1019 acutum
1170 993 1276 1019 cum
1299 977 1455 1019 rachi-

157 1042 212 1082 de
230 1073 238 1082 .
262 1041 379 1082 Cum
409 1040 604 1099 angulus
635 1042 718 1081 iste
750 1040 1135 1089 acutissimusest,
1160 1037 1374 1095 panicula
1387 1038 1452 1078 di-

157 1104 278 1142 citur
309 1104 464 1143 stricta
491 1135 500 1150 ‚
531 1109 761 1141 coarctata
778 1132 787 1141 .

216 1159 427 1217 Effusa,
454 1160 656 1217 undique
686 1172 878 1210 ramosa,
901 1159 1038 1200 ramis
1061 1157 1118 1199 ad
1148 1154 1372 1214 angulum
1388 1171 1459 1198 re-⁴

156 1229 281 1263 ctum
306 1236 411 1263 cum
435 1220 619 1263 rachide
644 1252 653 1261 .

214 1280 484 1324 Divaricata
513 1296 539 1322 a
565 1280 701 1322 ramis
744 1278 802 1320 ad.
831 1275 1056 1336 angulum
1081 1277 1299 1319 obtusum
1346 1290 1454 1317 cum

156 1341 341 1383 rac-hide
364 1375 374 1385 .

213 1400 440 1444 Flexaosa
462 1433 472 1452 ‚
502 1400 722 1442 undulata
748 1430 766 1453 2
796 1413 903 1440 cum
942 1395 1289 1439 ramificationes
1336 1394 1454 1438 leni—

158 1470 228 1503 ter
265 1464 451 1504 sinuosae
478 1493 488 1503 .

218 1521 263 1564 V
259 1522 495 1563 erticillata
517 1553 528 1571 ,
561 1518 926 1561 sem-iverticillata
948 1531 974 1558 a
1003 1514 1278 1574 pedunculis
1329 1515 1451 1555 circa

155 1581 388 1624 rachidem
417 1585 465 1623 in
494 1579 764 1631 verticillos,
787 1586 869 1620 aut
904 1575 1266 1620 semiverticillos
1297 1574 1453 1632 dispo-

157 1643 255 1683 sitis
276 1674 285 1682 .

216 1700 401 1752 Scabra,
437 1715 464 1742 a
493 1698 730 1759 superficie
760 1695 1047 1757 corpusculis
1076 1696 1274 1738 minimis
1318 1708 1450 1752 aspe-

157 1776 207 1802 ra
232 1792 241 1801 .

215 1820 362 1872 Quam
397 1826 606 1861 auctores
641 1819 856 1860 dixerunt
891 1814 1153 1875 paniculam
1189 1815 1409 1872 spicatam
1436 1845 1449 1863 ‚

154 1879 245 1922 haec
286 1881 480 1938 pertinet
509 1879 567 1921 ad
611 1892 842 1921 racemum
874 1908 884 1918 .

214 1940 346 1981 Rami
377 1938 595 1997 paniculae
639 1946 743 1980 sunt
783 1936 1049 1993 fasciculati
1075 1968 1087 1988 ,
1137 1949 1245 1976 cum
1291 1931 1450 1992 plures

157 2016 214 2042 ex
247 2000 405 2042 eodem
437 2007 607 2057 puncto
638 2005 908 2041 nascuntur.

691 2117 893 2161 Umbella
913 2148 922 2159 .

209 2237 253 2294 ς.
276 2252 347 2294 27.
376 2237 576 2281 Umbella
624 2237 793 2280 dicitur
823 2252 849 2280 a
879 2233 1141 2296 pedunculo
1175 2230 1448 2285 umbellam,
