1669 2563
235 167 289 210 56

551 337 749 381 Habitus
775 339 1038 396 plantarum
1068 371 1077 381 .

232 452 275 506 §.
315 457 409 499 138.
442 455 636 500 Gemmae
685 466 859 500 aetatem
911 457 1074 516 plantae
1118 457 1457 501 determinant.

174 509 361 556 Scilicet
399 518 482 559 ubi
536 534 630 561 una
663 551 673 570 ‚
707 519 782 561 vel
834 518 1007 576 duplex
1066 526 1242 559 tantum
1289 534 1467 576 gemma

163 580 230 613 est
282 589 388 618 cum
440 579 489 618 in
540 579 808 620 ascendente
842 612 853 630 ,
906 587 1003 620 tum
1055 580 1101 620 in
1161 578 1461 620 descendente

165 637 382 687 germinis
413 637 633 690 caudice,
687 638 876 696 planta,
930 653 1028 695 quae
1080 640 1282 680 nascitur
1307 672 1319 689 ,
1378 647 1460 680 aut

164 693 324 737 eodem
373 699 600 749 moritur,
633 707 716 740 aut
758 698 905 740 altero
956 699 1016 739 ab
1060 698 1323 740 evolutione
1376 714 1460 740 sua

164 767 317 805 ann03
350 770 492 812 quare
537 773 690 800 annua
715 791 725 809 ‚
759 758 831 799 vel
862 758 1030 800 biennis
1083 758 1254 799 dicitur
1279 791 1289 800 .
1336 757 1456 800 Cum

165 812 296 856 radix
329 815 485 872 plures
517 819 718 875 possidet
749 833 948 875 gemmas
980 834 1058 876 per
1091 833 1231 859 annos
1277 832 1459 860 succes-

165 873 284 916 sivos
313 875 601 930 evolvendas,
631 878 777 920 caulis
802 893 910 920 vero
936 893 959 918 e
987 877 1321 935 simplicissima
1342 893 1460 935 gern-

165 946 238 974 ma
268 935 457 977 radicali
482 940 727 995 quotannis
748 941 895 979 oritur
915 970 926 988 ‚
948 947 993 979 et
1014 940 1132 995 perit
1156 970 1167 988 ‚
1204 946 1313 979 tunc
1334 937 1460 995 plan-

165 999 210 1031 ta
236 999 446 1049 perennis
474 1027 483 1038 .
513 997 722 1054 Denique
741 998 967 1054 fruticosa
997 996 1259 1055 appellatur
1284 1029 1297 1048 ,
1349 1013 1457 1039 cum

164 1059 210 1091 et
242 1054 371 1095 radix
391 1088 402 1106 ,
434 1064 480 1098 et
509 1057 657 1099 caulis
689 1057 905 1115 pluribus
930 1059 1293 1114 superimpositis
1313 1057 1458 1098 ditan-

166 1118 241 1153 tur
263 1117 467 1170 gemmis,
495 1132 693 1174 quarum
718 1116 863 1159 altera
886 1132 941 1158 ex
967 1116 1111 1159 altera
1137 1131 1216 1173 per
1236 1132 1461 1159 annorum

163 1175 323 1215 seriem
344 1177 599 1232 proditura.
623 1177 729 1229 Quae
755 1178 942 1234 quidem
971 1175 1190 1217 fruticosa
1214 1175 1370 1233 planta
1395 1179 1460 1217 in-

163 1233 343 1274 terdum
380 1236 427 1276 id
453 1236 686 1293 peculiare
732 1236 872 1279 habet
895 1269 906 1287 ,
933 1236 1057 1293 quod
1079 1237 1183 1277 anni
1222 1234 1308 1277 fine
1354 1252 1462 1293 pars

158 1293 256 1347 ejus
284 1297 490 1351 superior
514 1298 788 1347 exsiccatur,
811 1296 1153 1338 remanentibus
1178 1298 1368 1353 gemmis
1390 1295 1460 1337 la-

162 1352 383 1397 teralibus
404 1357 452 1396 in
473 1355 708 1407 inferiore,
733 1371 791 1397 ex
813 1357 986 1414 quibus
1008 1370 1130 1397 novae
1156 1354 1309 1413 proles
1340 1371 1460 1398 anno

155 1414 419 1471 insequente
442 1415 715 1474 pullulant3
747 1424 950 1475 tuncque
981 1417 1202 1475 suffr-utem
1232 1416 1393 1458 audit.

722 1535 860 1578 Rami
889 1567 899 1577 .

213 1652 259 1708 §.
299 1655 393 1711 189.
425 1654 620 1697 Gemmae
668 1656 714 1696 in
767 1656 896 1713 apice
946 1653 1096 1697 caulis
1147 1656 1237 1697 sitae
1286 1664 1459 1713 augent

154 1713 306 1769 ipsum
338 1714 535 1766 caulem,
568 1730 670 1772 quae
689 1717 738 1756 in
770 1715 927 1767 latere,
953 1717 1146 1771 gignunt
1178 1731 1328 1757 ramos
1355 1749 1365 1757 .
1402 1717 1457 1758 Hi

155 1773 316 1815 eadem
341 1789 531 1830 prorsus
561 1783 795 1817 structura
814 1809 825 1827 ‚
857 1785 904 1818 et
935 1774 1083 1816 forma
1109 1808 1119 1825 ,
1142 1790 1239 1832 quae
1260 1779 1307 1817 in
1334 1783 1459 1818 trun-

155 1847 210 1873 co
255 1841 357 1885 est,
395 1834 605 1892 pollent.
653 1836 789 1877 Initio
843 1834 1016 1893 angulo
1066 1838 1251 1877 circiter
1301 1835 1458 1878 decem

155 1893 383 1951 graduum
406 1894 576 1937 distant
605 1897 663 1939 ab
689 1895 802 1946 illo;
828 1899 957 1938 annis
986 1897 1299 1938 crescentibus
1319 1929 1330 1947 ‚
1356 1912 1456 1938 ma-

153 1956 221 2011 gis
245 1956 478 2012 magisque
502 1957 737 2005 recedunt3
759 1971 959 2013 cumque
995 1955 1181 1997 demum
1209 1955 1265 1996 ad
1315 1972 1457 2013 angu-

153 2014 253 2055 lum
278 2013 371 2056 fere
394 2024 571 2059 rectum
596 2017 876 2067 devenerint,
906 2018 1081 2059 senium
1127 2016 1290 2075 plantae
1311 2049 1322 2068 ‚
1365 2017 1457 2072 syl-

153 2089 301 2131 vaque
334 2075 486 2117 caedua
519 2110 529 2119 .

212 2135 257 2190 ξ.
296 2151 390 2192 190.
423 2138 521 2178 Haec
554 2151 783 2179 ramorum
815 2152 841 2178 a
871 2135 1003 2178 caule
1039 2134 1234 2178 deflexio
1265 2143 1365 2180 tum
1395 2139 1454 2181 ab

147 2210 309 2237 eorum
341 2197 538 2254 pondere
573 2199 793 2256 originem
837 2194 977 2239 habet
1000 2230 1010 2248 ‚
1062 2205 1159 2239 tum
1209 2199 1268 2241 ab
1321 2214 1455 2250 aere,

150 2264 196 2298 et
226 2254 354 2307 luce,
386 2259 555 2315 quihus
590 2257 750 2316 plantae
794 2265 959 2300 natura
992 2273 1073 2300 sua
1103 2259 1161 2301 ad
1210 2259 1457 2302 vivendum

148 2324 308 2375 egent.
342 2318 613 2376 Superiores
644 2332 750 2362 vero
784 2320 899 2361 rami
930 2319 1034 2363 ideo
1067 2322 1312 2371 rectiores,
1345 2323 1457 2381 quia
