1669 2563
213 185 267 229 26

155 294 335 335 nomine
364 286 645 346 hypoblasti‚
677 294 722 329 et
752 285 984 344 reliquum
1028 297 1209 341 germen
1261 279 1453 322 blastum

154 352 438 408 nuncupavit
463 381 473 391 .
517 349 695 403 Quibus
745 349 957 390 omnibus
1012 343 1246 401 sequentia
1297 355 1457 397 super-

158 412 330 455 struxit
349 442 359 452 .

218 472 262 528 §.
294 470 366 527 95.
397 467 734 526 Hypoblastum
766 481 956 524 superne
993 464 1233 504 cavitatem
1276 459 1417 501 habet
1442 490 1454 508 ‚

159 535 207 574 in
237 546 329 588 qua
361 530 534 585 exeipit
558 527 757 570 blastum
778 559 789 577 ,
822 525 944 583 quod
974 522 1047 565 vel
1081 530 1202 563 recta
1231 553 1241 571 ,
1274 519 1348 561 vel
1385 517 1455 558 la-

161 601 254 634 tere
287 604 367 631 suo
399 603 503 630 cum
537 587 620 628 illo
646 589 931 629 connectitur
958 617 968 626 .
1020 581 1225 624 Blastum
1257 595 1310 621 ex
1367 593 1459 618 una

162 659 289 710 parte
320 647 596 706 gemmulam
628 646 717 690 fert
741 680 751 698 ‚
785 662 839 687 ex
873 644 1017 686 altera
1049 642 1373 689 radiculodem,
1407 641 1462 678 si-

162 728 216 754 ve
250 708 505 752 radiculam
536 706 685 748 adhuc
718 709 837 747 intra
868 702 1170 746 coleorhizam
1204 700 1421 741 latentem
1448 729 1458 738 .

161 769 468 814 Radiculodes
499 782 619 808 nunc
649 770 696 808 in
728 766 884 807 eodem
928 779 1012 804 axe
1057 777 1162 803 cum
1209 757 1423 817 plumula
1448 789 1461 807 ,

163 845 284 873 nunc
318 831 393 870 axi
425 829 501 870 isti
531 826 760 868 lateralis.
786 824 1123 882 Hypoblastuln
1151 836 1257 861 cum
1286 818 1465 860 radicu-

169 891 274 933 lode
308 897 450 930 totam
483 887 737 928 radiculam
791 884 956 935 efficit,
989 885 1080 923 imo
1135 878 1464 937 hypoblastum

166 954 341 1008 apicem
375 949 492 990 sistit
522 948 662 1001 hujus
694 944 905 987 radiculae
930 977 939 986 .
999 940 1259 996 Cotyledon
1290 946 1356 980 est
1386 952 1468 978 Va·-

167 1016 271 1068 gina
302 1011 449 1050 tenuis
476 1041 486 1059 ,
519 1021 616 1064 quae
647 1003 926 1064 gemmulam
975 1001 1183 1044 obvolvit
1202 1032 1213 1051 ‚
1269 1007 1315 1041 et
1364 999 1467 1039 sinu

169 1085 250 1114 suo
284 1067 409 1110 fovet
435 1099 445 1109 .

305 1124 375 1185 96.
409 1127 691 1169 Germinatio
718 1125 883 1181 incipit
907 1123 965 1164 ab
996 1119 1275 1178 hypoblasto
1304 1150 1315 1170 ,
1360 1130 1469 1157 mox

171 1191 335 1230 transit
365 1187 421 1228 ad
452 1186 652 1228 blastum
680 1213 690 1228 0
722 1184 929 1226 Primum
974 1179 1132 1239 patefit
1184 1195 1263 1237 per
1310 1186 1473 1233 turgo-

170 1264 267 1291 rem
300 1245 579 1289 radiculodis
607 1278 618 1296 ,
644 1260 670 1285 a
701 1259 793 1301 quo
826 1251 981 1300 postea
1012 1241 1145 1281 radix
1201 1253 1309 1281 vera
1331 1269 1343 1288 ‚
1397 1233 1473 1276 vel

170 1323 264 1349 uno
297 1307 545 1363 eodemque
578 1313 781 1361 tempore
813 1302 1096 1359 dignoscitur
1122 1315 1177 1339 ex
1210 1296 1473 1339 evolutione

172 1377 271 1409 tum
304 1365 585 1408 radiculodis
613 1396 625 1415 ,
666 1373 765 1405 tum
796 1360 1060 1419 gemmulae.
1114 1356 1472 1415 Hypoblastum‚

174 1443 281 1470 cum
312 1422 399 1468 hoc
448 1440 635 1466 munere
688 1427 747 1466 sit
799 1422 1037 1472 functum,
1083 1421 1310 1468 moritur,
1356 1423 1401 1457 et
1450 1429 1477 1454 a

175 1486 388 1547 plantula
424 1493 662 1543 separatur

234 1548 277 1603 ξ.
312 1561 383 1603 97.
426 1546 574 1596 Quam
606 1560 631 1584 a
654 1556 762 1585 vero
794 1541 962 1583 horum
992 1537 1215 1580 nonnulla
1247 1534 1475 1584 recedant,

180 1608 497 1663 unusquisque
546 1602 680 1644 facile
715 1602 948 1659 dignoscet
984 1615 1038 1640 ex
1078 1599 1278 1656 partium
1327 1593 1480 1635 defini-

180 1670 302 1708 tione
355 1665 564 1722 superius
596 1679 622 1704 a
674 1662 806 1704 nobis
852 1660 1046 1702 tradita.
1102 1658 1221 1700 Nam
1271 1654 1481 1697 radicula

182 1733 403 1785 perpetuo
452 1731 518 1765 est
542 1754 553 1774 ‚
607 1737 703 1779 quae
755 1722 1009 1779 germinans
1062 1716 1348 1777 protrahitur
1374 1748 1384 1766 ,
1430 1713 1480 1755 fit

184 1786 316 1829 radix
358 1798 504 1834 vera,
557 1783 776 1839 perdurat
821 1796 927 1822 cum
976 1781 1074 1837 ipsa
1128 1777 1326 1835 planta3
1376 1775 1480 1815 ideo

184 1844 473 1888 radiculodes
523 1842 743 1884 Richardi
775 1839 983 1883 radicula
1019 1840 1273 1896 germinum
1304 1850 1482 1877 macro-

183 1906 410 1964 podorum
442 1904 623 1944 omnino
655 1910 750 1944 est.
783 1900 1038 1956 Cotyledon
1069 1899 1354 1940 connectitur
1373 1909 1480 1939 cum

185 1966 385 2023 germine
421 1965 469 2004 in
499 1962 638 2014 00110,
667 1962 840 2003 scilicet
863 1960 964 2002 1000
989 1958 1138 2000 medio
1165 1960 1282 1998 inter
1302 1956 1484 1997 radicu-

185 2027 277 2067 lam
306 2056 318 2074 ‚
350 2032 395 2065 et
425 2023 704 2081 gemmulam
732 2054 744 2073 ,
778 2023 977 2079 primum
1009 2020 1179 2077 praebet
1211 2016 1482 2058 alimentum

188 2085 347 2144 plantae
376 2116 388 2134 ,
422 2098 526 2124 mox
560 2087 677 2140 perit
704 2100 714 2133 3
747 2097 801 2122 ex
823 2096 914 2139 quo
937 2078 1264 2136 hypoblastum
1291 2076 1485 2117 Richar-

189 2147 235 2186 di
266 2159 400 2186 verus
431 2143 676 2199 cotyledon
704 2176 714 2185 .
747 2142 953 2199 Denique
984 2141 1146 2197 vagina
1175 2171 1186 2188 ,
1217 2152 1312 2195 quae
1360 2150 1486 2193 gem-

191 2205 364 2246 mulam
393 2207 529 2246 vestit
554 2236 564 2254 ‚
597 2201 842 2259 coleoptila
875 2203 1070 2245 omnino
1111 2207 1177 2240 est
1199 2231 1211 2249 ‚
1265 2212 1343 2238 seu
1395 2211 1487 2239 ma-

193 2268 262 2307 vis
293 2263 463 2321 stipula
490 2298 500 2307 .
533 2263 655 2321 Ergo
687 2261 946 2304 Richardus
978 2261 1147 2317 optime
1176 2261 1365 2301 rimatus
1416 2264 1485 2297 est

195 2333 343 2384 partes
376 2339 528 2368 omnes
571 2325 787 2382 germinis
838 2320 1230 2380 macropodi31at
1274 2333 1378 2359 cum
1421 2316 1486 2359 hae
