1669 2563
210 307 362 339 autem
394 299 737 356 germinationis
768 312 873 337 cum
906 311 986 337 nos
1020 295 1159 337 lateat
1186 329 1196 346 ,
1231 311 1310 337 nos
1333 313 1516 356 quoque

210 357 322 399 latet
352 357 566 401 absoluta
597 358 735 413 hujus
770 360 886 398 aeris
918 359 1147 413 quantitas
1178 357 1234 397 ad
1267 357 1315 398 id
1362 373 1519 402 conse-

209 419 447 475 quendum
506 426 642 475 apta3
676 433 818 474 quare
873 417 1143 458 Saussurius
1194 433 1287 458 rem
1339 426 1518 461 tantum

209 481 414 535 proxime
446 481 492 519 in
524 478 801 535 quibusdam
834 478 1083 518 seminibus
1117 477 1440 520 determinavit
1466 513 1476 521 .

268 539 311 593 ξ.
350 541 443 592 124.
476 539 706 580 Carbonio
732 554 758 578 a
791 537 1039 578 seminibus
1093 551 1170 593 per
1223 540 1519 594 germinatio-

208 615 309 640 nem
344 601 508 657 partim
541 601 701 638 amisso
728 631 739 647 ,
772 596 896 654 quod
929 606 1134 654 superest
1157 629 1167 646 ‚
1195 597 1383 639 eandem
1409 613 1518 656 pro-

209 662 463 716 portionem
495 673 600 698 cum
628 672 854 714 oxygeno‚
887 665 932 698 et
956 657 1225 714 hydrogeno
1249 656 1413 700 faeculae
1445 673 1520 700 ve-

209 719 420 776 getabilis
451 718 650 775 amplius
675 718 920 759 nonhabet
941 733 951 766 ·,
975 732 1031 758 ex
1057 731 1149 774 quo
1176 716 1336 759 faecula
1358 718 1447 759 haec
1470 721 1518 760 in

209 780 524 820 saccharinam
560 778 867 819 substantiam
900 791 1019 833 aqua
1067 776 1312 818 solubilem
1335 793 1521 820 conver-

207 841 338 889 titur,
370 838 518 881 veluti
550 837 772 892 amylum,
805 837 930 894 quod
964 837 1095 878 acido
1124 836 1362 894 sulphuris
1394 847 1518 880 tran-

208 901 264 940 sit
295 902 340 939 in
372 898 639 940 saccharum
666 931 675 939 .
710 898 779 938 Ita
809 900 1057 954 contingit,
1086 905 1139 937 ut
1164 896 1324 939 faecula
1355 900 1401 938 in
1436 913 1514 939 00-

206 957 528 1014 tyledone,vel
559 957 792 999 albumine
824 957 1092 998 delitescens
1128 956 1388 1014 plantulam
1410 960 1516 1000 sub-

205 1028 277 1060 eat
308 1053 318 1068 ‚
347 1036 397 1060 30
432 1020 609 1058 nutriat
640 1050 648 1058 .

267 1079 311 1134 ξ.
352 1078 447 1119 125.
481 1077 733 1134 Colligitur
768 1091 824 1116 ex
859 1076 947 1126 his,
981 1078 1150 1117 semina
1180 1077 1381 1118 tenebris
1413 1094 1518 1135 ege-

206 1154 252 1179 re
279 1171 289 1188 ,
324 1147 376 1179 ut
411 1140 665 1194 germinent
693 1169 702 1177 .
736 1135 917 1177 Etenim
949 1135 1032 1176 lux
1061 1169 1072 1186 ‚
1121 1151 1218 1193 quae
1282 1140 1477 1194 primam
1504 1172 1514 1189 ‚

204 1208 249 1240 et
281 1201 563 1255 potissimam
598 1196 867 1238 affinitatem
925 1196 1067 1237 habet
1117 1211 1223 1236 cum
1270 1211 1478 1254 oxygeno
1504 1231 1515 1249 ‚

205 1257 327 1298 illud
360 1265 482 1298 arcte
535 1258 621 1298 sibi
675 1256 937 1296 devinctum
993 1258 1190 1296 retinens
1236 1258 1479 1312 impediret
1504 1291 1515 1308 ‚

205 1319 449 1374 quominus
481 1316 727 1357 deduceret
758 1316 1030 1356 carbonium
1052 1331 1078 1355 a
1102 1317 1297 1364 semine3
1331 1332 1386 1357 ex
1420 1332 1514 1374 quo

206 1377 277 1418 lac
314 1375 572 1433 vegetabile
604 1390 842 1431 nunquam
873 1373 1004 1416 fieret
1026 1409 1036 1418 .
1068 1375 1179 1416 Rem
1225 1378 1400 1433 primus
1445 1379 1524 1435 in-q

203 1439 445 1494 vestigavit
476 1435 814 1493 Ingenhouzius
842 1467 853 1484 ,
886 1435 1215 1476 demonstravit
1273 1436 1516 1479 Sennebie-

205 1501 304 1538 rius
337 1530 346 1546 ‚
377 1499 458 1553 qui
516 1498 686 1537 semina
740 1495 1029 1552 quarundam
1082 1494 1343 1552 plantarum
1394 1499 1518 1538 intra

205 1558 444 1598 humentes
490 1557 698 1612 spongias
730 1555 936 1603 abdidit,
977 1553 1160 1610 aliaque
1207 1555 1291 1595 soli
1333 1558 1417 1598 sub
1450 1559 1515 1598 vi-

206 1626 304 1658 treo
338 1630 440 1657 vase
466 1648 476 1665 ,
500 1614 590 1655 alia
617 1615 814 1655 tenebris
846 1613 1053 1671 operculi
1088 1628 1171 1671 ope
1205 1630 1296 1656 uno
1328 1616 1513 1658 eodem-

204 1693 293 1734 que
326 1675 426 1716 loco
449 1676 662 1732 exposuit
681 1706 690 1714 .
713 1675 853 1730 Atqui
880 1676 1122 1714 novissima
1143 1682 1321 1715 tantum
1343 1679 1481 1718 citius
1500 1710 1510 1727 ‚

184 1745 250 1779 .et
288 1735 470 1777 facilius
522 1735 834 1791 germinarunt
861 1766 870 1774 .
924 1733 983 1774 Et
1035 1750 1272 1791 perperam
1325 1738 1512 1793 quidem

201 1795 504 1838 Bertholonus
536 1794 583 1834 id
613 1795 855 1850 copiosiori
887 1793 1068 1835 humori
1104 1796 1298 1845 tribuit,
1327 1799 1403 1837 cui
1437 1813 1506 1838 se-

202 1860 325 1897 mina
349 1857 395 1895 in
427 1855 626 1895 tenebris
658 1854 864 1910 degentia
886 1869 943 1895 ex
968 1856 1209 1895 imminuta
1244 1855 1405 1897 solaris
1441 1872 1510 1897 ra-

205 1918 269 1958 dii
308 1919 354 1957 vi
397 1922 525 1956 erant
563 1914 761 1954 obnoxia
790 1947 799 1955 .
840 1914 960 1954 Nam
1014 1916 1061 1955 in
1092 1913 1178 1956 hoc
1226 1915 1510 1958 Sennebierii
1566 1928 1570 1933 ·

204 1975 414 2034 periculo
448 1974 570 2015 idem
603 1981 830 2030 perpetuo
863 1973 954 2014 fuit
997 1973 1164 2016 caloris
1218 1977 1385 2032 gradus
1422 1992 1506 2034 pro

202 2038 380 2078 cunctis
412 2034 660 2075 seminibus
685 2066 695 2083 ‚
731 2034 853 2075 idem
910 2034 1075 2075 humor
1121 2051 1176 2076 ex
1208 2038 1340 2077 vitris
1365 2069 1375 2087 ,
1428 2046 1509 2078 aut

203 2094 434 2155 operculis
465 2096 829 2151 superimpositis
855 2126 864 2134 .

263 2157 306 2212 ξ.
340 2155 434 2198 126.
467 2153 526 2194 At
556 2153 834 2211 physiologi,
860 2153 969 2195 dum
991 2154 1047 2196 de
1067 2157 1335 2198 necessitate
1385 2172 1504 2212 oxy-

202 2220 340 2273 geni,
376 2223 421 2256 et
473 2214 726 2271 hydrogeni
780 2217 827 2254 in
878 2213 1038 2255 faecula
1092 2216 1290 2273 augendi
1341 2232 1510 2259 conve-

203 2279 365 2326 niunt,
398 2283 452 2315 ut
482 2274 570 2315 haec
602 2276 649 2314 in
682 2273 751 2314 lac
786 2275 1040 2331 vegetabile
1073 2284 1386 2328 convertatur,
1420 2278 1514 2320 dis-

204 2345 369 2394 putant
411 2335 466 2376 de
517 2334 651 2375 modo
679 2366 688 2375 .
746 2334 880 2391 siqui
936 2337 1055 2376 enim
1112 2336 1158 2376 id
1212 2338 1511 2380 tribuendum
