1669 2563
1401 165 1428 203 9

216 276 334 302 nunc
366 260 572 305 duabus,
605 254 808 295 tribusve
838 252 1093 292 minoribus
1123 249 1318 294 lamellis
1358 252 1492 308 juxta

214 321 465 367 Grewium,
498 313 854 368 Mirbeliumque
883 342 894 360 ,
917 324 1035 351 nunc
1075 310 1210 350 etiam
1232 319 1402 368 septem
1422 313 1492 369 ju-

217 389 296 421 xta
326 377 568 420 Linckium
600 373 852 429 composita
875 402 884 411 .

274 439 318 493 §.
349 438 420 479 35.
452 431 671 491 Hapelius
701 431 816 473 duas
846 436 891 472 et
921 428 1083 485 viginti
1116 441 1402 484 summopere
1419 432 1493 469 ni—

218 506 360 540 tentes
390 497 587 536 minores
617 490 824 537 lamellas
856 491 903 530 in
924 487 1007 529 illa
1027 486 1347 533 adnumeravit
1370 504 1381 537 3
1406 490 1497 528 imo

216 555 373 600 textile
403 570 518 612 opus
549 556 596 594 in
628 559 722 593 tota
752 548 937 592 lamella
968 548 1132 604 majori
1153 546 1493 588 animadvertit.

214 618 319 670 Quae
359 615 549 672 quidem
576 620 761 654 textura
809 624 900 652 non
955 609 1160 649 omnium
1210 605 1501 648 trachearum

217 677 432 734 propria,
465 682 520 715 ut
567 672 774 715 Grewius
807 668 1058 711 tradiderat
1081 699 1092 717 ‚
1145 664 1501 709 alucinationem

214 735 331 778 forte
364 749 521 793 passus
552 749 607 775 ex
639 730 757 773 male
808 731 1019 771 instituta
1073 741 1289 769 vasorum
1336 725 1502 784 porife-

221 810 378 838 rorum
408 795 688 851 inspectione
716 824 725 833 .

271 855 316 910 ς.
350 855 422 897 36.
454 851 734 911 Malpighius
758 881 768 901 ‚
814 849 966 892 nescio
998 862 1196 906 quonam
1233 845 1358 892 oculi
1386 878 1397 896 ‚
1429 844 1501 888 vel

213 922 527 973 praeconceptae
576 910 842 970 hypothesis
871 923 1025 951 errore
1069 908 1288 964 deceptus
1337 905 1504 948 descri-

213 977 304 1032 psit
338 973 429 1018 haee
474 988 582 1016 vasa
623 973 755 1030 quasi
801 971 997 1028 piscium
1039 969 1253 1016 corium,
1304 967 1503 1024 speciem

211 1035 433 1078 exhibens
457 1031 843 1092 corpusculorum
866 1029 1140 1086 squamatim
1168 1034 1504 1071 contextorum.

211 1094 282 1135 An
333 1103 386 1136 ut
433 1109 592 1137 eorum
646 1090 991 1140 dilatationem,
1042 1088 1504 1143 constrictionemque

214 1154 486 1212 pulmonum
531 1151 801 1195 animalium
832 1152 974 1194 instar
1009 1150 1182 1191 rectius
1214 1146 1504 1205 explicaret?

272 1215 316 1269 §.
349 1217 421 1270 37.
454 1213 716 1270 Hedwigius
748 1224 1122 1267 unamquamque
1155 1207 1387 1250 tracheam
1421 1205 1504 1246 du-

215 1272 327 1329 plici
357 1288 461 1316 vase
493 1273 707 1329 componi
738 1278 873 1328 putat
898 1300 910 1320 ‚
942 1268 1119 1312 scilicet
1150 1269 1265 1310 tubo
1287 1268 1503 1324 praetenui

214 1334 263 1372 in
295 1335 464 1390 spiram
496 1335 619 1375 circa
642 1332 809 1372 tubum
831 1330 1052 1384 majorem
1077 1329 1475 1370 membranaceum
1491 1358 1502 1374 ‚

214 1401 481 1450 rectumque
513 1390 763 1433 convoluto
789 1422 798 1430 .
835 1388 966 1429 Prior
993 1401 1183 1430 succum
1212 1386 1302 1428 fert
1323 1417 1335 1435 ,
1386 1385 1504 1426 alter

214 1467 365 1493 aerem
386 1484 397 1492 .
459 1451 561 1504 Qua
610 1450 656 1489 in
704 1463 751 1488 re
802 1447 919 1488 forte
969 1446 1234 1488 alucinatus
1288 1453 1387 1485 tum
1443 1445 1504 1485 ab

214 1511 457 1568 hypothesi
482 1542 493 1560 ,
526 1524 619 1566 qua
648 1505 784 1548 fibras
814 1504 988 1561 ligneas
1019 1506 1129 1546 oriri
1151 1519 1207 1545 ex
1256 1504 1356 1559 ipso
1399 1517 1504 1544 vase

214 1571 452 1615 contendit
476 1602 488 1620 ,
520 1567 663 1626 quod,
685 1580 792 1609 cum
821 1572 952 1605 antea
983 1564 1031 1604 in
1061 1565 1230 1621 spiram
1258 1560 1505 1605 convolve—

213 1640 341 1673 retur
367 1663 379 1681 ,
411 1629 595 1672 demum
629 1634 753 1669 recta
804 1623 1068 1667 extenditur
1092 1655 1105 1673 ,
1157 1630 1255 1665 tum
1305 1637 1333 1663 a
1382 1636 1504 1662 sene-

214 1693 438 1734 scentium
467 1688 759 1731 trachearum
789 1693 927 1736 statu,
949 1686 996 1724 in
1016 1697 1108 1740 quo
1141 1682 1329 1724 tracheae
1350 1689 1504 1724 crusta

216 1749 484 1809 vegetabilis
515 1748 776 1792 substantiae
797 1761 907 1804 saepe
940 1743 1255 1794 obducuntur,
1276 1741 1351 1785 vel
1371 1741 1503 1784 clau-

213 1812 387 1853 duntur
405 1844 415 1853 .

272 1872 318 1927 §.
350 1872 421 1913 38.
454 1869 513 1911 Et
544 1868 733 1912 tracheae
763 1866 933 1909 habent
964 1863 1095 1906 lusus
1119 1877 1239 1906 suos,
1266 1859 1505 1904 Rodolfius

215 1930 424 1989 loquitur
456 1931 512 1973 de
545 1930 768 1979 trachcis,
821 1942 918 1985 quae
949 1926 1082 1983 spiris
1106 1923 1507 1968 conferruminatis

216 1991 443 2049 gaudent,
476 1993 524 2032 in
554 2005 751 2048 quarum
775 2002 912 2032 censu
944 1985 1157 2028 habendae
1188 1999 1373 2042 quoque
1399 1991 1504 2025 sunt

219 2052 404 2094 tracheae
441 2050 715 2094 Dutrocheti
749 2050 882 2108 spiris
913 2062 997 2106 ope
1030 2043 1352 2088 membranulae
1385 2045 1504 2084 inter

217 2128 260 2152 se
292 2127 337 2153 se
373 2113 591 2154 connexis
615 2144 624 2153 .
651 2111 747 2154 Nec
805 2117 953 2150 tamen
981 2122 1134 2148 omnes
1183 2104 1390 2148 tracheas
1439 2105 1504 2144 ita

217 2187 310 2212 esse
349 2171 579 2214 conflatas
633 2170 768 2214 facile
804 2171 940 2212 evicit
994 2167 1284 2210 Amicianum
1337 2165 1504 2206 micro-

219 2233 421 2288 scopium
447 2265 455 2273 .
489 2232 703 2284 Quinimo
737 2233 861 2288 spirae
918 2228 1207 2271 trachearum
1262 2226 1470 2280 sejunctae
1491 2257 1501 2273 ‚

219 2298 260 2331 et
294 2290 442 2334 liberae
473 2291 631 2334 annuli
676 2292 875 2334 adinstar
916 2306 941 2332 a
972 2288 1252 2331 Bernhardio
1284 2287 1464 2342 detecta?
1491 2318 1498 2324 ,
