1669 2563
200 152 286 204 234

89 271 101 277 ·
137 264 343 301 ternatus
380 267 475 310 est,
508 260 600 303 sive
632 261 779 319 primo
808 262 982 306 divisus
1030 264 1076 304 in
1111 271 1261 321 partes
1304 270 1396 304 tres
1422 295 1431 311 ‚

135 317 335 360 secundo
365 321 412 361 in
444 329 594 378 partes
625 336 785 364 novem
811 356 820 374 ‚
850 327 986 365 tertio
1018 325 1062 364 in
1109 333 1259 380 partes
1289 325 1438 380 vigin-

136 380 171 419 ti
222 387 394 436 septem
422 411 433 431 ,
479 389 525 423 et
575 390 723 424 totum
767 382 935 425 folium
987 382 1037 425 fit
1088 383 1437 441 triplicato-ter·-

140 446 301 480 natum
325 472 336 481 .

201 499 475 555 Tripinnata
498 533 509 554 ,
540 516 648 543 cum
678 500 792 544 folia
822 503 1062 558 bipinnata
1093 501 1340 561 affiguntur
1367 500 1438 542 la·-

136 559 313 600 teribus
344 560 503 617 petioli
536 563 773 619 primarii,
802 563 923 605 unde
955 570 1104 605 totum
1135 563 1301 606 folium
1333 576 1440 604 eva-

136 619 204 661 dit
236 619 738 680 triplicato-pinnatum
763 655 775 666 .

510 741 717 784 Petiolus
734 774 744 784 .
776 741 1030 786 Petiolulas
1049 773 1059 785 .

193 858 239 915 ᾗ.
277 860 373 902 151.
404 857 611 903 Petiolus
640 860 795 916 quoad
817 859 1032 918 figuram,
1057 861 1437 919 magnitudinem,

135 920 430 961 insertionem
453 952 465 971 ,
497 919 797 961 directionem
821 953 833 971 ,
877 929 924 964 et
974 921 1259 978 superficiem
1305 936 1442 964 voca-

140 987 216 1021 tur

201 1038 334 1080 Teres
356 1069 369 1089 ,
399 1039 616 1081 semiteres
642 1071 654 1090 ‚
683 1040 896 1095 triqueter
912 1072 924 1091 ,
958 1054 1125 1097 anceps
1149 1072 1159 1082 .

195 1097 416 1140 clavatus
442 1129 454 1150 ‚
487 1107 605 1142 teres
632 1131 644 1150 ‚
676 1101 854 1157 apicem
883 1114 1042 1143 versus
1072 1101 1374 1142 incrassatus.

195 1157 539 1201 canaliculatus
570 1175 765 1218 superne
782 1190 793 1201 .

193 1215 567 1262 Membranaceas
589 1252 601 1272 ,
656 1218 879 1263 dilatatus
907 1251 920 1272 ,
973 1227 1241 1263 attenuatus
1288 1218 1436 1262 forma

139 1279 411 1321 membranae
437 1313 448 1323 .

195 1338 405 1382 Linearis
422 1372 434 1393 ‚
460 1337 627 1397 planus
644 1372 656 1392 ‚
689 1347 912 1399 angustus
929 1371 940 1383 .

195 1399 362 1442 Alatus
381 1432 393 1452 ,
424 1408 589 1444 auctus
618 1402 886 1444 membrana
910 1399 1109 1443 foliacea
1139 1399 1362 1458 utrinque
1397 1402 1443 1441 in

138 1461 343 1518 margine
365 1492 375 1503 .

198 1520 596 1577 Appendiculatas
627 1522 844 1564 ramentis
868 1519 1078 1563 foliaceis
1108 1522 1155 1562 in
1184 1521 1283 1563 basi
1311 1551 1321 1562 .

194 1579 478 1623 Articulatzcs
508 1582 608 1623 basi
641 1597 724 1623 sua
754 1596 862 1624 cum
897 1579 1031 1624 caule
1062 1614 1074 1633 ,
1107 1596 1200 1640 quo
1243 1582 1290 1622 in
1340 1579 1444 1622 loco

137 1641 307 1683 secedit
324 1673 336 1693 ‚
368 1657 477 1684 cum
507 1643 675 1684 arescit
701 1674 712 1684 .

198 1700 496 1758 SpinescenS‚
523 1717 632 1745 cum
667 1709 794 1745 aetate
835 1700 886 1745 fit
935 1700 1142 1760 lignosus
1168 1735 1182 1754 ,
1224 1708 1271 1743 ct
1321 1715 1441 1758 pun-

138 1775 248 1818 gens
273 1794 283 1803 .

199 1820 435 1878 Cirrzferus
461 1825 590 1880 apice
617 1824 665 1864 in
697 1821 823 1865 foliis
852 1823 1121 1880 compositis
1139 1854 1151 1864 .

199 1880 466 1938 Cirriformis
498 1915 509 1932 ‚
537 1897 645 1924 cum
675 1884 866 1941 ipsemet
895 1881 1187 1925 convolvitur
1218 1882 1327 1922 cirri
1380 1883 1446 1922 in-

141 1947 237 1983 star
269 1943 392 1982 circa
424 1941 576 1984 fulcra
601 1975 611 1986 .

210 2001 442 2058 Vaginans
466 2034 478 2054 ‚
528 2003 902 2045 membranaceus
932 2034 943 2054 ,
997 2000 1278 2061 amplectens
1333 2016 1447 2042 cau-

142 2059 234 2103 lem
261 2095 272 2107 .

200 2121 387 2178 Longus
420 2156 430 2173 ‚
458 2120 629 2173 brevis,
660 2123 837 2180 longior
856 2155 867 2173 ,
897 2121 1064 2165 brevior
1079 2120 1202 2178 folio
1229 2154 1240 2174 ‚
1267 2123 1447 2179 pedan-

145 2183 247 2224 culo
277 2215 288 2232 ,
320 2184 643 2240 inflorescentz'a
661 2215 671 2225 .

203 2242 420 2285 Catilinas
445 2276 455 2294 ,
489 2257 657 2285 rameus
676 2277 687 2295 ‚
715 2243 924 2286 radicalis
948 2277 959 2294 ,
993 2245 1194 2285 insertus
1245 2245 1290 2284 in
1335 2257 1446 2283 cau-

145 2301 188 2344 le
207 2336 217 2355 ‚
243 2302 317 2346 vel
349 2305 395 2346 in
428 2318 553 2348 ramo
581 2337 592 2355 ‚
625 2313 707 2356 aut
739 2320 764 2347 a
796 2304 947 2348 radice
980 2303 1214 2363 profectus
1239 2336 1248 2346 .
