1669 2563
1404 175 1450 214 13

723 332 972 390 Epidermis
1001 364 1010 373 .

290 457 334 512 §.
368 454 438 497 5ο.
470 452 718 510 Epidermis
748 460 814 494 est
844 452 1105 494 membrana
1142 453 1291 493 tenuis
1315 484 1326 503 ‚
1375 455 1510 497 deco-

231 515 303 558 lor
326 548 337 565 ‚
371 513 605 573 pellucida
630 546 641 564 ‚
674 513 993 570 explicationis
1021 526 1165 568 capax
1190 544 1200 561 ,
1232 511 1431 569 plantam
1455 532 1511 556 ex

232 576 355 616 omni
391 582 519 631 parte
551 573 801 616 obvolvens
827 605 837 623 ‚
871 573 960 622 huc
992 570 1107 614 illuc
1138 586 1298 630 porosa
1323 605 1332 614 .
1363 573 1437 616 Fit
1455 591 1512 616 ex

229 632 417 677 cellulis
447 634 671 693 depressis
699 666 709 684 ,
743 635 791 674 in
821 632 979 674 eadem
1009 633 1148 689 stirpe
1180 631 1509 684 uniformibus,

229 696 464 751 contiguis
491 727 503 746 ‚
536 696 628 735 imo
662 701 707 735 et
736 695 938 750 margine
969 690 1063 733 fere
1092 692 1347 734 imbricatis
1372 726 1381 735 .
1434 694 1514 736 Te-

229 757 381 795 nuitas
412 769 503 796 non
535 769 709 811 semper
731 752 887 795 eadem
910 785 922 802 ,
947 768 1028 794 nec
1062 753 1202 794 robur
1224 751 1344 794 idem
1372 786 1381 797 .
1404 753 1514 797 Suc-

227 829 281 855 co
312 813 574 870 plantarum
606 813 823 864 saliente,
878 811 1168 862 divellenda;
1220 811 1334 855 alias
1389 817 1511 856 enim

227 872 472 916 difficulter
503 889 530 915 a
560 875 809 931 suppositis
839 873 1049 930 partibus
1098 874 1193 914 sine
1240 871 1515 916 laceratione

229 942 481 990 separatur,
503 933 716 977 frustulis
737 935 1081 991 suppositarum
1106 930 1386 976 cellularum
1410 950 1516 977 cum

228 995 329 1050 ipsa
359 993 532 1036 avulsis
556 1026 565 1036 .
617 994 669 1034 In
701 993 871 1051 plantis
903 994 1035 1035 siccis
1065 993 1112 1033 id
1138 1008 1222 1050 ope
1252 997 1517 1036 maceratio-

230 1055 299 1095 nis
333 1086 344 1104 ‚
396 1062 480 1095 aut
527 1053 817 1096 ebullitionis
870 1061 1049 1097 tantum
1099 1053 1299 1111 obtingit
1326 1087 1337 1104 ‚
1392 1054 1516 1111 quod

231 1128 396 1170 parum
418 1121 542 1172 apte.
564 1114 701 1156 Forte
723 1116 909 1164 insecta,
950 1128 1047 1170 quae
1092 1112 1400 1157 Reaumurius
1425 1114 1518 1156 Mi-

227 1188 357 1216 nears
406 1173 640 1232 appellat,
679 1174 847 1216 melius
878 1189 966 1231 prae
1014 1176 1184 1216 caeteris
1236 1175 1483 1231 sejungunt
1506 1208 1517 1216 0

228 1232 410 1275 Nomen
441 1237 483 1275 ei
514 1233 605 1275 fuit
634 1249 691 1275 ex
722 1233 991 1275 animalium
1022 1233 1303 1291 epidermide
1327 1265 1337 1276 .

287 1292 331 1347 ς.
366 1293 436 1334 51.
488 1292 747 1334 Plantulam
778 1295 826 1335 in
872 1295 1077 1343 semine,
1108 1301 1155 1335 et
1211 1295 1424 1335 arborem
1471 1295 1517 1334 in

231 1351 360 1406 sylva
390 1352 635 1408 epidermis
665 1366 787 1408 aeque
816 1354 983 1401 vestit,
1015 1351 1116 1396 illic
1140 1385 1151 1403 ,
1184 1364 1231 1394 et,
1261 1355 1309 1394 in
1359 1353 1516 1409 planta

226 1411 406 1465 juniore
435 1410 633 1467 aequalis,
664 1411 842 1452 flexilis
860 1442 871 1460 ‚
895 1419 1097 1463 extensu,
1116 1411 1209 1461 hic,
1229 1413 1323 1454 vita
1339 1412 1522 1455 demum

227 1473 389 1510 amissa
417 1501 427 1520 ‚
450 1470 597 1526 rigida
619 1501 630 1519 ‚
664 1471 845 1518 rimosa,
877 1470 1086 1511 secedens
1107 1501 1117 1510 .
1150 1470 1203 1511 In
1244 1472 1522 1527 quibusdam

226 1529 471 1571 arboribus
501 1529 696 1570 Aubcrti
724 1528 803 1569 Du
833 1527 952 1568 Petit
972 1528 1181 1569 Thouars
1201 1530 1524 1573 observationi-

225 1590 314 1631 bus
346 1605 424 1646 per
457 1603 591 1630 zonas
633 1586 883 1631 circulares
905 1619 917 1638 ‚
949 1586 1024 1628 vel
1054 1586 1243 1644 spirales
1291 1590 1522 1634 evidenter

227 1649 506 1706 expanditur
531 1682 542 1699 ‚
573 1656 620 1690 et
646 1647 831 1691 facilius
873 1646 1138 1693 divellitur.
1170 1648 1276 1700 Quae
1328 1653 1524 1693 tenuitas

227 1709 299 1750 illi
315 1725 340 1750 a
364 1709 563 1751 Bonneto
591 1710 829 1758 tribuitur,
855 1708 1237 1764 praeternaturalis
1255 1716 1338 1760 est,
1369 1719 1415 1751 et
1437 1711 1525 1753 for-

231 1777 276 1810 te
307 1785 364 1810 ex
395 1777 623 1812 macerata
650 1768 929 1827 epidermide
960 1768 1197 1826 desumpta
1216 1801 1226 1811 .

287 1830 332 1885 §.
367 1829 435 1872 52.
468 1829 573 1871 Pori
603 1829 702 1885 ejus
733 1828 935 1886 gaudent
972 1826 1138 1870 fissura
1167 1831 1373 1886 margine
1402 1846 1526 1873 cras-

231 1891 349 1930 siore
372 1922 383 1940 ‚
416 1889 680 1948 prominulo
709 1888 995 1932 circumdata
1017 1921 1027 1931 .
1052 1890 1153 1932 Haec
1183 1892 1331 1931 variat
1352 1894 1522 1948 magni-

230 1950 390 1991 tudine
415 1967 426 2000 3
460 1952 663 1993 siccitate
693 1948 877 1991 laxatur
901 1981 913 1999 ‚
934 1948 1208 1992 humiditate
1256 1949 1491 1993 clauditur
1512 1983 1521 1992 .

230 2009 327 2052 Sub
351 2025 631 2068 unoquoque
668 2024 780 2068 poro
810 2025 868 2051 ex
902 2009 1067 2052 Amicii
1122 2011 1522 2053 observationibus

230 2068 396 2112 lacuna
420 2103 431 2113 .

286 2130 331 2185 ξ.
366 2131 435 2173 53.
465 2129 691 2173 Pororum
722 2130 925 2172 detector
956 2129 1163 2174 Grewius
1186 2164 1196 2173 .
1250 2129 1340 2172 Eos
1384 2130 1521 2173 Guet-

231 2190 388 2232 tardus
416 2189 627 2233 confudit
655 2206 761 2234 cum
792 2188 1024 2248 glandulis
1052 2224 1062 2233 .
1095 2191 1201 2233 Non
1233 2199 1524 2248 perspexerat

233 2250 378 2304 primo
410 2250 659 2303 Hamelius,
690 2265 797 2297 mox
827 2250 960 2300 vidit3
993 2252 1300 2309 videruntque
1332 2252 1523 2293 Saus-‚su-

232 2309 328 2351 rius
352 2343 363 2361 ‚
396 2310 654 2370 Hedwigius
675 2344 687 2363 ‚
718 2311 1041 2369 Comparettus
1065 2346 1074 2354 .
1127 2312 1324 2368 Negavit
1369 2318 1521 2368 postea
