1669 2563
188 133 191 135 '
216 121 295 164 106

148 241 254 268 vasa
283 224 597 284 lymphatica,
628 231 673 267 et
702 236 806 267 vasa
836 223 1021 282 propria
1041 255 1054 275 ‚
1084 230 1129 266 et
1181 218 1439 265 substantia

148 285 385 329 cellularis
405 319 415 338 ,
447 285 676 328 interdum
708 287 843 327 etiam
874 285 1061 326 tracheae
1113 291 1363 325 occurrunt
1394 285 1440 323 in

147 345 249 397 illo,
282 361 364 389 nec
413 344 629 388 deficiunt
659 347 819 396 nervi,
875 359 1085 402 Venaeque
1109 376 1120 394 ‚
1154 351 1199 385 et
1253 342 1442 398 reliqua

151 408 327 457 omnia,
360 420 456 464 quae
488 409 536 447 in
571 405 684 448 folio
708 406 1008 447 observantur
1031 437 1042 456 ‚
1076 406 1167 445 imo
1200 403 1444 460 epidermis

152 467 251 521 ejus
281 469 380 524 pari
430 474 562 524 pacto
614 467 737 524 poris
789 465 1013 514 donatur3
1066 478 1264 520 cumque
1307 460 1446 516 calyx

151 525 313 567 iisdem
344 526 563 583 fungatur
596 525 770 575 officiis,
803 539 898 582 quae
929 524 1042 566 folia
1071 523 1188 565 inter
1220 524 1448 580 respiran-

153 586 264 627 dum
294 595 518 645 peragunt
541 617 552 637 ,
586 594 631 629 et
659 600 783 626 more
814 584 1033 627 foliorum
1064 584 1121 626 ad
1148 582 1289 625 solem
1332 583 1449 623 vire·-

155 653 267 697 scat,
299 662 326 688 a
354 660 464 689 vero
493 661 584 688 non
616 645 823 696 recedet,
846 647 926 702 qui
954 644 1158 700 calyceln
1190 652 1286 684 tum
1332 648 1450 682 stru-

151 714 309 758 ctura,
332 714 431 748 tum
461 705 609 748 officio
640 719 747 747 cum
777 704 889 747 folio
910 705 1244 762 comparaverit
1266 735 1276 744 .
1300 701 1449 758 Igitur

154 775 324 818 errant,
346 769 426 824 qui
448 765 654 821 calycem
675 781 702 807 a
721 767 893 807 cortice
923 773 1102 806 tantum
1141 763 1238 806 fieri
1264 770 1452 803 conten·-

155 825 288 876 dunt;
326 838 561 884 nunquam
585 828 704 868 enim
726 824 861 880 calyx
885 840 977 867 esse
997 831 1147 882 posset
1167 825 1214 865 in
1233 834 1455 863 monocoa·

155 885 410 941 tyledoneis
468 884 651 927 defectu
704 887 890 926 corticis
915 916 927 935 ,
957 899 1040 926 nec
1097 881 1453 938 dicotyledoneae

153 946 360 988 tracheas
411 959 616 1002 unquam
653 952 862 1001 gererent
903 945 951 985 in
981 942 1138 998 calyce
1173 957 1254 984 suo
1283 973 1294 992 ‚
1344 955 1455 983 cum

153 1005 291 1047 nullae
322 1006 509 1047 tracheae
535 1007 623 1046 sint
652 1007 700 1045 in
730 1018 888 1044 earum
935 1005 1103 1044 cortice
1131 1019 1142 1052 ;
1193 1003 1456 1058 pariterque

158 1072 329 1116 errant,
363 1067 444 1123 qui
475 1063 681 1119 calycem
711 1061 1255 1118 monocotyledonearum
1278 1061 1336 1101 ab
1358 1062 1457 1116 epi-

160 1125 379 1176 dermide,
403 1127 494 1166 sive
511 1123 569 1166 ab
590 1121 806 1165 exteriori
829 1122 1077 1180 pedunculi
1101 1128 1227 1179 parte
1244 1121 1353 1160 oriri
1375 1134 1461 1160 au·-

157 1193 339 1226 tumant
365 1216 378 1235 ,
430 1185 541 1241 quia
571 1182 705 1224 nulla
735 1192 846 1224 tunc
889 1182 1140 1240 possideret
1189 1195 1295 1223 vasa
1318 1210 1329 1230 ,
1361 1193 1460 1236 quae

159 1252 313 1286 tamen
353 1244 411 1286 ab
432 1243 516 1285 illo
550 1242 841 1301 possidentur
869 1274 879 1284 .

217 1304 262 1360 ς.
297 1305 398 1346 330.
430 1303 722 1362 Appendices
742 1336 754 1354 ,
787 1304 932 1360 siquae'
979 1308 1084 1343 sunt
1113 1302 1160 1342 in
1191 1297 1366 1355 calyce,
1399 1298 1463 1339 si-

158 1379 213 1406 ve
245 1364 509 1406 membrana
546 1365 692 1414 tenui,
727 1362 964 1421 pellucida
993 1361 1119 1404 factae
1151 1359 1464 1418 [paraplzylla

159 1423 344 1466 Koeleri
358 1424 395 1481 ],
416 1426 508 1467 sive
540 1425 696 1481 spinis,
718 1423 911 1473 cfliisve,
940 1422 1174 1480 peculiare
1199 1434 1363 1461 nomen
1383 1421 1462 1460 vix

163 1492 397 1526 merentur
424 1517 436 1536 ,
469 1499 594 1535 cum,
621 1484 803 1541 dempta
822 1483 968 1526 forma
986 1515 997 1534 ,
1030 1497 1057 1524 a
1081 1481 1261 1538 reliquo
1304 1477 1464 1534 calyce

169 1552 404 1587 structura
432 1559 523 1585 non
553 1542 766 1585 differant
783 1575 794 1585 .

226 1604 271 1659 §.
305 1606 406 1646 331.
429 1603 580 1645 Floris
606 1602 823 1660 completi
845 1600 1139 1644 involucrum
1169 1601 1364 1642 interius
1394 1597 1467 1638 di-

163 1665 286 1704 citur
316 1664 506 1706 corolla.
539 1663 638 1705 Haec
670 1677 856 1720 quoque
888 1677 999 1714 uno,
1024 1660 1097 1704 vel
1144 1659 1362 1718 pluribus
1394 1657 1466 1699 fo-

167 1723 293 1765 liolis
314 1732 489 1767 constat
517 1736 643 1765 more
675 1723 865 1779 calycis,
900 1722 979 1765 sed
1009 1721 1170 1778 calyce
1192 1720 1467 1778 plerumque

169 1786 352 1825 tenuior
374 1792 456 1826 est.
489 1782 630 1826 Color
647 1784 744 1840 ejus
772 1782 980 1825 diversus
1011 1784 1058 1823 in
1089 1782 1279 1824 diversis
1312 1781 1469 1835 stirpi-

167 1845 283 1894 bus,
317 1851 362 1885 et
394 1859 506 1901 saepe
524 1845 659 1885 etiam
683 1846 730 1885 in
754 1843 927 1894 eadem,
963 1843 1154 1885 subinde
1186 1840 1469 1898 elegantissi-

167 1919 298 1945 111115.
330 1903 562 1961 Compago
596 1911 695 1946 tum
725 1919 780 1945 ex
813 1911 945 1945 textu
999 1901 1162 1945 fibrato
1194 1901 1327 1958 longe
1360 1899 1471 1940 sub-

171 1964 403 2015 tiIissimo‚
437 1974 535 2005 tum
570 1979 625 2005 ex
657 1963 852 2006 tracheis
877 1965 1089 2022 copiosis,
1120 1963 1329 2018 vasisque
1361 1973 1471 2016 pro-

170 2025 282 2082 priis
302 2040 313 2074 3
348 2026 394 2065 in
418 2025 691 2076 interstitiis,
733 2023 989 2082 areolisque
1011 2023 1317 2082 parenchyma
1339 2019 1471 2076 glan-

169 2083 403 2126 dulosum.
432 2083 690 2142 Epidermis
716 2084 949 2127 obducens
972 2086 1226 2143 praetenuis,
1252 2082 1470 2140 porisque

171 2144 439 2186 visibilibus
476 2160 634 2186 carens
652 2178 662 2187 .

231 2204 278 2259 ξ.
310 2207 410 2246 332.
443 2204 634 2247 Corolla
664 2203 896 2247 evolvitur
918 2218 1023 2246 cum
1055 2204 1234 2261 organis
1267 2198 1474 2260 genitali-

174 2265 285 2316 bus>
312 2272 356 2307 Gt
386 2267 481 2308 Vita
532 2267 632 2323 ejus
683 2281 792 2310 cum
844 2267 1040 2309 istorum
1071 2267 1167 2307 vita
1213 2261 1473 2322 perdurat&
