1669 2563
1282 184 1358 223 131

131 293 236 326 sunt
284 291 560 343 potestates,
593 297 687 340 quae
734 283 790 323 ad
835 282 949 324 hanc
982 285 1072 324 vim
1121 286 1409 327 obtinendam

131 345 331 395 ducunt,
364 344 507 386 altera
536 345 582 382 in
603 342 872 383 staminibus
890 374 900 391 ,
930 343 1021 383 sive
1047 358 1214 398 organo
1245 349 1392 385 activo
1414 370 1424 387 ,

130 404 277 446 altera
300 407 346 446 in
371 401 545 461 pistillo
573 433 584 451 ,
627 403 717 442 sive
772 416 939 458 organo
985 405 1161 458 passivo
1236 408 1421 459 posita3

127 472 324 522 utraque
355 461 488 505 simul
521 469 670 517 partes
702 463 806 501 istas
831 461 887 501 ad
921 470 1128 502 mutuam
1186 466 1427 504 attractio-

128 540 247 575 nem,
280 532 324 565 et
375 528 637 563 contactum
689 521 817 561 ducit
837 553 847 571 ,
900 522 1070 577 quibus
1116 524 1421 579 contingenti-

129 584 233 634 bus,
261 585 328 624 vis
359 580 442 621 illa
474 579 663 621 elicitur
688 613 697 621 .
725 580 884 637 Itaque
925 580 1186 637 Raspailius
1235 591 1424 622 conten-

129 643 198 685 dit
214 675 225 693 ,
250 642 577 698 Amperianum
598 637 790 681 fluidum
815 639 1317 698 electro-magneticum
1343 642 1426 682 du-

129 702 292 760 plicis,
324 703 651 757 contrariaeque
678 708 845 741 naturae
877 701 950 741 hic
976 717 1056 757 per
1090 704 1280 743 stamina
1303 734 1313 752 ,
1367 700 1430 742 il·-

129 763 190 803 lie
223 777 304 819 per
357 759 584 818 pistillum
617 775 859 801 excurrere
880 793 890 810 ,
924 761 1044 802 unde
1098 777 1256 803 eorum
1286 769 1428 802 attra-

127 823 237 871 ctio,
264 828 309 862 et
335 835 457 861 mors
482 822 760 878 supervenit,
794 829 847 861 ut
876 835 1024 863 semen
1070 823 1116 862 in
1168 821 1426 863 libertatem

126 881 387 924 vindicetur
424 912 434 921 .
1242 930 1248 936 ⁶

187 941 231 997 §.
265 943 366 998 394.
402 939 506 990 Sed,
541 954 687 997 quaeso
717 973 728 991 ,
757 940 1034 982 demonstret
1079 940 1342 998 Raspailius
1373 956 1430 981 ex

126 1001 293 1042 abortu
326 1002 470 1050 nervi,
494 1002 573 1057 qui
607 1000 826 1057 simplicis
860 1010 1096 1042 structurae
1128 1010 1194 1042 est
1225 1003 1271 1041 in
1295 1000 1424 1051 folio,

128 1075 352 1118 gemmam
384 1058 516 1110 fieri,
550 1075 646 1116 quae
681 1068 772 1101 tam
802 1064 1058 1118 compositae
1085 1069 1322 1102 structurae
1361 1069 1427 1101 est

127 1124 176 1162 in
209 1122 408 1162 semine?
456 1119 670 1177 Explicet
695 1152 706 1170 ,
740 1134 822 1161 cur
853 1136 1029 1177 gemma
1053 1124 1231 1162 seminis
1251 1154 1261 1172 ,
1300 1129 1430 1162 natu-

128 1197 179 1223 ra
200 1188 392 1229 mutata,
411 1187 772 1236 penes-matrem,
795 1188 839 1221 et
873 1183 1116 1236 conjuncta
1148 1196 1253 1222 cum
1284 1189 1428 1222 matre

129 1248 326 1297 nequeat
363 1238 543 1290 evolvi,
577 1240 686 1280 dum
731 1255 882 1281 omnes
905 1256 1086 1297 gemmae
1112 1255 1267 1281 rameae
1296 1273 1307 1291 ‚
1335 1255 1430 1296 quae

127 1301 239 1342 huic
297 1299 466 1341 similes
499 1308 619 1349 sunt,
647 1308 779 1356 egent
810 1308 969 1350 matre,
1002 1309 1045 1341 et
1070 1300 1274 1341 medulla
1330 1315 1427 1340 ma-

130 1363 213 1402 tris
235 1359 293 1401 ad
314 1358 620 1401 evolutionem
643 1370 769 1400 s‘uam
790 1361 1176 1416 consequendam?
1198 1359 1426 1416 Explicet,

131 1435 226 1477 quo
260 1427 392 1476 pacto
419 1434 534 1459 aurae
558 1421 799 1460 staminum
819 1451 829 1469 ,
853 1428 896 1460 et
922 1420 1086 1476 pistilli
1110 1430 1299 1460 mortem
1317 1418 1428 1459 affe-

131 1488 234 1521 rant
256 1480 353 1520 basi
387 1481 530 1519 ovarii
551 1510 562 1528 ,
589 1479 699 1518 (lum
754 1478 841 1519 haec
873 1481 970 1535 ipsa
1002 1481 1149 1529 basis,
1184 1488 1425 1536 postquam

128 1553 288 1581 earum
320 1546 516 1595 potestas
546 1539 787 1594 absumpta
819 1546 901 1588 est,
935 1541 1086 1579 vivere
1119 1541 1285 1595 pergit,
1309 1553 1428 1595 quo-

131 1614 276 1656 usque
308 1601 494 1648 semina,
521 1606 564 1638 et
590 1600 797 1640 ovarium
822 1600 1035 1647 continue
1062 1614 1263 1639 crescens
1283 1607 1433 1638 matu-

132 1662 338 1701 ruerint?
361 1658 591 1715 Explicet,
615 1672 705 1714 qua
728 1659 901 1698 ratione
928 1657 1060 1698 stilus
1082 1660 1126 1698 in
1152 1659 1429 1714 quibusdam

129 1719 295 1777 plantis
327 1721 553 1776 persistat,
587 1727 631 1758 et
660 1720 826 1774 vigeat,
861 1718 945 1758 hac
978 1726 1197 1774 potestate
1245 1716 1430 1759 ahsolu-

129 1788 202 1829 ta,
226 1781 306 1836 qui
339 1779 471 1820 stilus
510 1777 722 1819 doctrinae
755 1779 852 1833 ejus
898 1778 995 1835 lege
1027 1781 1177 1819 statim
1208 1781 1322 1818 mori
1355 1776 1429 1818 de-

127 1840 330 1881 buisset?
356 1840 658 1888 Demonstret,
685 1838 914 1894 quomodo
935 1840 982 1878 in
1004 1838 1160 1879 eodem
1186 1836 1308 1880 floris
1357 1853 1430 1878 re-

131 1898 369 1956 ceptaculo
389 1933 400 1950 ,
433 1902 479 1940 in
504 1899 659 1941 eadem
693 1899 945 1939 substantia
970 1931 980 1948 ,
1003 1907 1048 1939 et
1078 1914 1187 1955 saepe
1241 1901 1287 1938 in
1331 1900 1428 1955 ipso

130 1963 329 2016 partium
360 1968 572 2001 contactu
605 1957 794 2015 duplex,
828 1967 872 1999 et
902 1961 1130 2000 contraria
1155 1958 1428 2000 electricitas

130 2034 222 2060 uno
244 2019 490 2077 eodemque
518 2028 717 2076 tempore
744 2034 836 2060 esse
859 2020 999 2075 possit
1018 2051 1028 2068 ,
1055 2034 1151 2076 quae
1187 2021 1380 2060 stamina
1410 2051 1420 2068 ,

132 2086 179 2120 et
208 2078 380 2135 pistilla
404 2080 461 2120 ad
481 2088 689 2120 mutuam
714 2081 1033 2120 attractionem
1076 2078 1309 2136 impellat?
1341 2079 1429 2119 De-

131 2147 350 2180 monstret
374 2171 384 2189 ,
417 2139 645 2196 quomodo
697 2139 781 2180 ista
831 2141 1052 2197 partium,
1087 2149 1139 2180 ut
1164 2142 1228 2180 ita
1249 2140 1394 2180 dicam
1416 2170 1427 2187 ,

132 2201 422 2239 minimarum
469 2201 681 2241 attractio
724 2209 829 2257 agat
860 2215 882 2240 e
926 2199 1176 2256 longinquo
1220 2202 1266 2240 iu
1312 2197 1429 2238 flori-

131 2260 220 2301 hus
251 2257 502 2312 diclyniis?
534 2259 742 2316 Denique
780 2259 961 2301 macula
992 2259 1196 2300 violacea
1246 2274 1327 2300 cur
1380 2260 1425 2297 in

134 2320 231 2362 basi
302 2319 443 2359 ovarii
470 2351 481 2369 ,
538 2333 617 2361 nec
681 2321 833 2361 statim
886 2322 932 2361 in
987 2327 1199 2361 contactu
1270 2318 1425 2375 organi
