1669 2563
191 137 273 190 298

189 238 414 281 Pinnatus
438 272 450 289 ,
500 244 580 297 qui
632 239 718 284 fert
774 255 919 283 ramos
970 241 1197 299 simplices
1223 275 1232 292 ,
1290 242 1423 284 ‹listi-

132 298 242 339 chos
267 330 277 338 .

189 357 469 413 Bipinnatus
497 394 507 411 ,
541 363 755 418 pinnatus
789 363 923 402 ramiS
952 362 1043 416 jam
1077 364 1301 418 pinnatis.

197 417 490 474 Tripinnatus
514 452 524 470 ,
565 424 1061 479 triplicato-pinnatus,
1101 423 1312 478 pinnatus
1359 438 1426 463 ra-

138 478 225 519 mis
255 479 348 533 jam
373 479 622 537 bipinnatis
640 515 651 524 .

190 537 387 595 Prolc‘fer
407 571 418 589 ,
445 554 550 584 cum
581 544 629 582 in
658 540 791 583 caule
835 541 1070 598 bipinnato
1096 573 1106 590 ‚
1149 549 1230 582 aut
1266 543 1427 598 tripin-

131 605 236 638 nato
267 599 582 643 innovationes
620 601 824 657 ejusdem
862 603 1142 657 compaginis
1161 633 1172 651 ,
1199 610 1243 642 et
1275 602 1427 641 formae

132 660 345 700 oriuntur
381 675 404 700 e
437 659 570 704 dorso
602 660 981 703 ramificationum
1014 663 1367 718 praecipuarum.

191 716 486 761 Diclzotomus
511 753 521 771 ,
556 722 591 763 si
617 721 762 762 caulis
797 720 971 778 pluries
992 753 1003 771 ,
1035 728 1079 762 et
1113 736 1287 778 semper
1313 720 1427 762 bifa-

88 786 89 789 ’
134 777 250 818 riam
276 778 498 820 dividitur
524 812 533 821 .

193 836 280 878 Bis
310 837 470 892 bifidus
497 871 509 888 ‚
557 853 662 880 cum
706 838 852 881 caulis
897 838 1064 882 bifidus
1112 843 1230 899 gerit
1279 843 1429 898 apices

131 894 292 937 bifidos
320 929 329 937 .

198 955 532 1006 Triclzotomus‚
566 948 604 998 'si
637 955 784 998 caulis
816 956 1020 1013 pluries,
1053 967 1097 999 et
1130 975 1303 1016 semper
1349 962 1432 1001 tri-

136 1013 301 1056 fariam
333 1015 557 1058 dividitur
583 1048 593 1057 .

200 1075 245 1118 V
241 1076 502 1120 erticillatus
525 1108 537 1127 ,
571 1091 676 1119 cum
708 1075 864 1134 plures
896 1079 1007 1118 rami
1050 1077 1225 1120 faciunt
1277 1079 1434 1120 orbem

132 1136 257 1177 circa
290 1135 471 1178 caulem
504 1136 561 1178 ad
596 1144 711 1179 stata
741 1137 986 1179 intervalla
1013 1170 1022 1179 .

193 1195 403 1247 Erectus,
437 1196 530 1238 fere
563 1196 957 1255 perpendicularis
978 1231 988 1240 .

189 1255 490 1299 Procumbens
511 1289 527 1310 ,
551 1266 808 1315 prostratus
835 1291 846 1309 ,
876 1259 1144 1300 adscendens
1168 1291 1178 1309 ‚
1215 1272 1370 1314 repens
1393 1290 1401 1298 .

196 1314 495 1373 Stoloniferus
522 1350 534 1369 ,
588 1333 695 1360 cum
726 1332 749 1358 e
788 1318 885 1359 basi
916 1321 1083 1360 emittit
1130 1318 1327 1361 stolones
1373 1327 1433 1358 te·

133 1390 248 1417 nues
278 1408 289 1427 ,
322 1379 677 1434 procumbentes
701 1410 713 1429 ‚
746 1378 871 1422 foliis
903 1380 1074 1420 obsitos
1103 1413 1113 1430 ,
1146 1381 1226 1437 qui
1256 1378 1437 1420 radices

135 1436 308 1493 absque
334 1437 636 1480 determinato
665 1439 822 1481 ordine
854 1439 1058 1496 undique
1089 1448 1230 1497 agunt
1252 1475 1260 1484 .

203 1495 832 1550 Concatenato-vesiculosus,
866 1507 1128 1557 turgescens
1169 1502 1218 1541 in
1261 1500 1437 1541 vesicas

143 1557 329 1598 monilis
353 1559 496 1600 instar
530 1567 846 1601 concatenatas
864 1593 873 1602 .

197 1616 430 1660 Radicans
455 1650 466 1670 ,
500 1621 821 1677 procumbens,
855 1628 900 1662 et
929 1622 1056 1677 apice
1087 1620 1261 1662 radices
1282 1634 1435 1675 agens.

197 1676 460 1730 Pendulus,
484 1683 565 1736 qui
599 1683 763 1722 crescit
792 1683 839 1722 in
871 1683 1008 1722 ramis
1041 1682 1254 1723 arborum
1275 1713 1286 1730 ,
1318 1687 1362 1720 et
1380 1679 1438 1719 ab

137 1735 214 1779 his
245 1739 411 1794 pendet
443 1740 501 1780 ad
532 1741 915 1798 perpendiculum
949 1749 1114 1782 terram
1140 1755 1318 1782 versus.

195 1796 406 1839 Fluitans
431 1832 442 1849 ,
476 1798 595 1841 fixus
626 1801 775 1843 radice
801 1834 812 1852 ,
851 1801 1028 1858 reliqua
1073 1810 1201 1858 parte
1244 1806 1402 1840 natans
1427 1830 1435 1838 .

197 1856 418 1913 Deflexus
465 1864 595 1902 ramis
625 1893 636 1911 ,
685 1861 759 1902 vel
795 1865 925 1902 ramis
957 1862 1137 1917 deflexis
1156 1894 1166 1911 ,
1192 1862 1273 1917 qui
1303 1859 1441 1900 habet

142 1931 295 1958 ramos
329 1928 610 1971 recurvatos,
646 1921 900 1978 simplices.

211 1976 341 2019 Teres
366 2010 378 2029 ,
402 1978 631 2035 filiformis
655 2012 666 2030 ,
700 1985 898 2036 trigonus
919 2012 935 2033 ,
984 1989 1240 2036 tetragonus
1265 2013 1274 2029 ,
1326 1993 1442 2019 com-

128 2050 314 2092 pressus
336 2071 347 2089 ,
382 2042 566 2081 striatas
585 2071 596 2090 ,
643 2042 843 2082 sulcatus
868 2073 879 2091 ,
931 2042 1259 2082 canaliculatus
1289 2072 1300 2089 ,
1338 2042 1442 2079 ani-

136 2098 332 2149 culatus,
357 2099 532 2153 firmus,
566 2103 733 2156 rigidus
762 2134 772 2150 ,
807 2109 973 2151 tenax,
1008 2102 1159 2142 debilis
1184 2134 1192 2142 .

195 2157 240 2212 ᾗ.
280 2159 374 2200 168.
408 2159 584 2216 Scopas
616 2168 683 2202 est
714 2176 897 2202 cosmus
951 2162 1195 2202 ascendens
1219 2195 1229 2212 ,
1282 2167 1406 2200 teres
1430 2190 1440 2208 ,

138 2225 317 2259 erectus
343 2251 352 2268 ‚
386 2217 618 2262 fistulosus
637 2254 648 2271 ‚
690 2220 1054 2323 simfplicissinms
1080 2255 1090 2272 ,
1136 2223 1253 2263 idest
1284 2220 1407 2261 foliis
1430 2250 1440 2267 ‚

137 2285 182 2317 et
214 2281 350 2321 ramis
381 2295 537 2323 carens
566 2314 576 2332 ,
611 2282 740 2340 apice
786 2280 1071 2334 ructifieans,
1109 2286 1331 2342 spicatus.
1366 2281 1443 2322 Di-

137 2339 259 2379 citur
