1669 2563
204 166 260 222 76

143 268 480 329 quodammodo
510 269 777 322 extendunt,
810 277 855 311 et
883 275 1146 312 contactum
1189 267 1289 325 ejus
1330 282 1436 309 cum

146 331 230 372 illo
260 330 490 388 adaugent
516 359 526 371 ,
559 330 674 373 Sunt
717 339 871 373 autem
915 332 1039 371 intus
1073 329 1209 378 cavi,
1242 343 1352 386 saepe
1382 343 1439 368 ex

145 390 330 432 cellulis
360 391 722 448 superimpositis
750 391 860 433 facti
880 422 891 441 ‚
922 390 1038 431 idest
1068 388 1214 430 forma
1239 386 1439 438 monilis,

148 465 228 493 seu
257 450 492 492 articulati
521 483 532 501 ,
564 459 610 492 et
637 451 695 492 ad
726 453 1037 493 necessitatem
1069 449 1231 506 plantae
1272 447 1443 490 ludunt

146 510 273 568 longi
301 544 313 562 ‚
344 511 504 552 breves
527 543 538 561 ‚
570 510 733 553 molles
761 543 772 562 ‚
806 511 941 568 rigidi
969 543 980 560 ‚
1028 511 1163 568 pauci
1192 540 1204 559 ‚
1235 509 1441 566 copiosi,

150 570 317 622 liberi,
350 570 423 612 vel
454 572 688 612 intertexti
715 602 726 613 .

205 630 250 686 ς.
282 630 384 673 252.
417 630 515 672 Nec
547 630 631 688 pili
668 637 891 689 perpetuo
921 630 1076 671 insunt
1104 660 1116 680 ‚
1168 629 1217 668 in
1273 627 1447 684 quibus

147 691 238 746 jam
273 689 457 732 fuerant
488 692 726 748 partibus.
758 690 887 732 Unde
917 689 1036 731 hoc?
1084 688 1143 730 Et
1183 686 1332 729 solum
1358 718 1370 737 ,
1401 693 1447 726 et

149 749 244 792 caeli
275 752 514 808 temperies
540 750 796 808 plurimum
826 750 997 791 habent
1025 751 1093 791 vis
1121 750 1170 790 in
1217 746 1448 789 evolutio-

148 826 204 852 ne
235 809 467 867 pilorum3
499 826 592 867 qua
621 811 675 853 de
706 826 844 852 causa
884 809 1046 867 alpinae
1073 838 1085 859 ,
1116 806 1190 850 vel
1221 804 1449 848 littorales

152 870 317 927 plantae
349 886 437 927 prae
491 870 588 913 illis
616 903 627 921 ‚
688 883 786 927 quae
841 869 1076 919 demissis,
1108 867 1407 909 humentibus
1435 897 1446 916 ‚

149 930 470 987 umbrosisque
523 930 636 972 locis
689 937 941 971 nascuntur
970 961 981 979 ‚
1039 927 1146 985 pilis
1177 926 1414 969 abundant
1438 957 1447 965 .

147 990 284 1031 Forte
309 989 385 1030 hic
433 989 517 1047 pili
548 1004 655 1031 cum
688 1004 715 1030 3
749 989 917 1046 frigore
937 1020 947 1037 ‚
994 995 1091 1028 tum
1122 1002 1149 1028 3
1182 986 1289 1027 solis
1311 985 1450 1026 radiis

148 1048 330 1106 plantas
376 1049 628 1091 defendunt
654 1081 666 1100 ,
699 1057 743 1092 et
775 1045 1058 1106 superficiem
1090 1060 1249 1087 earum
1279 1047 1327 1085 in
1376 1061 1453 1086 ae-

150 1124 246 1150 rem
277 1109 557 1167 protrahunt
588 1109 646 1150 ad
674 1110 951 1150 nutrientem
1007 1106 1263 1157 humorem,
1294 1106 1376 1162 qui
1406 1106 1452 1145 in

151 1168 248 1210 solo
279 1167 431 1210 deficit
458 1202 469 1220 ‚
506 1168 840 1226 quaeritandum
866 1198 876 1209 .

210 1227 255 1283 ς.
291 1229 391 1271 253.
423 1228 608 1280 Aculez'‚
639 1236 685 1270 et
715 1231 855 1285 spinae
889 1233 996 1269 sunt
1047 1223 1230 1283 spicula
1262 1223 1415 1281 lignea
1443 1256 1454 1274 ,

149 1290 280 1344 queis
309 1291 559 1346 pungimur
589 1320 598 1331 .
630 1287 809 1330 Priores
838 1286 953 1329 fiunt
983 1302 1039 1328 ex
1070 1286 1190 1328 vasis
1214 1300 1241 1326 a
1266 1285 1455 1334 cortice,

149 1347 223 1389 vel
258 1363 285 1388 a
316 1347 559 1406 superficie
592 1347 755 1406 plantae
785 1347 1179 1406 proficiscentibus
1202 1377 1214 1396 ‚
1245 1358 1342 1402 quae
1373 1359 1456 1384 nu-

150 1406 302 1450 cleum
332 1408 602 1451 cellularem
634 1410 961 1459 circumstant,
991 1415 1036 1449 et
1080 1405 1292 1449 cuticula
1334 1405 1459 1446 obte-

150 1476 324 1525 guntur
347 1501 356 1510 .
389 1469 540 1521 Quare
572 1469 723 1511 aculei
755 1468 1117 1524 dicotyledoneis
1142 1466 1312 1524 plantis
1346 1479 1459 1521 prae-

148 1531 285 1585 cipue
316 1528 536 1570 solemnes
559 1558 571 1579 ‚
602 1537 648 1570 et
678 1529 922 1570 arescendo
955 1527 1139 1568 decidui
1168 1557 1180 1576 ,
1212 1524 1287 1567 vel
1320 1523 1457 1565 facile

151 1586 400 1629 divellendi
430 1618 440 1629 .
475 1589 620 1646 Spinae
653 1590 877 1645 originem
922 1602 1051 1629 suam
1104 1585 1246 1627 altius
1276 1599 1302 1625 a
1332 1584 1459 1640 ligno

151 1648 330 1688 ducunt
357 1680 368 1698 ‚
400 1663 483 1689 nec
534 1646 696 1689 divelli
745 1655 922 1705 queunt
952 1662 978 1689 3
1008 1646 1182 1706 planta,
1214 1647 1301 1687 nisi
1332 1643 1458 1703 ligno

153 1707 406 1748 dilacerato
434 1740 445 1750 .

211 1767 256 1822 ᾗ.
289 1768 390 1821 254.
425 1767 570 1825 Spinae
631 1766 864 1809 interdum
895 1767 1068 1810 abeunt
1097 1766 1146 1806 in
1192 1779 1342 1807 ramos
1369 1796 1381 1815 ‚
1413 1772 1460 1806 et

152 1828 351 1868 vi0issim
380 1859 390 1868 .
417 1827 544 1868 Anne
574 1829 716 1885 igitur
749 1830 881 1885 spinae
912 1842 996 1885 pro
1051 1828 1189 1868 ramis
1243 1826 1460 1866 abortum

155 1889 300 1943 passis
345 1902 453 1928 cum
503 1889 829 1945 nuperioribus
878 1903 1054 1944 semper
1102 1885 1362 1927 habendae?
1407 1886 1460 1926 Id

159 1947 349 2003 quidem
379 1963 460 1988 nec
491 1947 700 1989 Hamelio
731 1949 881 1990 visum
911 1956 1007 1998 est,
1039 1960 1121 1989 nec
1143 1946 1275 1987 nobis
1299 1978 1309 1987 .
1341 1945 1461 1987 Nam

160 2009 211 2047 in
247 2009 387 2064 spinis
420 2010 541 2050 veris
574 2008 699 2050 deest
727 2006 933 2050 medulla
981 2005 1195 2049 centralis
1219 2038 1231 2057 ,
1274 2006 1462 2047 eaedem-

154 2065 243 2123 que
287 2075 412 2108 recto
474 2067 674 2125 angulo,
707 2083 790 2110 nec
835 2076 970 2110 acuto
997 2100 1009 2118 ,
1041 2074 1182 2125 prout
1230 2081 1460 2108 ramorum

156 2134 239 2177 est,
269 2134 438 2168 exeunt
460 2144 482 2170 e
506 2128 655 2180 caule,
682 2144 790 2186 saepe
822 2136 1140 2179 recurvantur,
1165 2128 1259 2168 sine
1288 2142 1462 2184 gemma

161 2187 387 2243 peculiari
430 2203 616 2245 quoque
641 2191 872 2240 oriuntur,
904 2191 1128 2245 quinimo,
1159 2201 1264 2229 cum
1294 2189 1349 2229 ad
1381 2189 1464 2230 ba·-

160 2249 244 2287 sim
276 2246 378 2288 folii
409 2250 660 2300 extiterint,
695 2257 799 2307 post
820 2249 1054 2291 evolutam
1081 2262 1301 2306 gemmam
1333 2247 1466 2290 folio-

159 2322 252 2348 sam
300 2317 570 2352 nascuntur.
603 2309 755 2364 Quare
797 2310 886 2353 haec
930 2324 1163 2352 ramorum
1194 2323 1300 2351 cum
1324 2311 1463 2367 spinis
