1669 2563
204 168 290 220 314

142 269 533 329 Peregrinationes
564 267 706 327 probe
737 276 950 327 susceptae
969 301 980 319 ‚
1011 266 1122 310 (lum
1145 283 1225 310 nos
1252 266 1440 310 alacrio-

143 346 216 373 res
240 363 252 381 ‚
283 331 575 386 sanioresque
605 328 803 372 reddunt
829 363 841 380 ‚
874 329 1128 384 subjiciunt
1176 328 1324 371 oculis
1357 342 1440 369 no-

145 392 251 434 stris
281 389 441 441 lusus,
475 399 522 431 et
543 392 785 432 varietates
821 391 1075 447 specierum
1098 421 1109 438 ‚
1149 403 1246 446 quae
1278 403 1348 429 res
1394 389 1440 427 in

144 450 316 508 plantis
340 452 472 493 siccis
506 448 778 492 difficillime
820 450 1166 507 comperiuntur
1191 481 1203 500 ,
1237 448 1441 504 dumque

143 510 378 552 levissimae
409 516 536 560 sunt,
579 524 607 551 a
635 510 852 552 botanico
881 511 981 552 viro
1010 507 1309 566 negligendae,
1335 523 1442 549 cum

144 584 255 613 vero
280 569 439 628 aliqua
469 570 718 612 attentione
747 570 890 628 dignae
914 601 926 620 ‚
962 576 1074 612 tunc
1125 570 1208 625 qui
1255 583 1331 609 eas
1383 567 1440 608 ael

143 632 356 688 proprias
403 630 575 688 species
618 628 787 672 referat
812 662 823 681 ‚
855 643 946 671 non
999 630 1175 671 minora
1226 634 1442 685 praestet,

142 706 284 749 quam
312 690 395 749 qui
425 691 597 748 species
626 689 685 732 ad
715 691 903 749 propria
922 704 1087 748 genera
1109 687 1374 731 amandavit
1398 719 1408 729 .

429 807 606 851 Hortus
635 809 777 851 siccus
805 838 816 850 .
843 806 1126 850 Bibliotheca
1149 840 1160 851 .

203 927 249 984 §.
285 941 383 985 190.
411 926 513 968 Haec
544 939 651 967 cum
692 924 890 967 dicimus
917 956 930 976 ‚
961 939 1052 967 non
1089 925 1397 983 intelligimus
1427 957 1439 975 ‚

145 987 361 1031 inutilem
390 1001 484 1028 esse
515 993 561 1027 et
591 985 780 1028 hortum
812 987 1008 1036 siccum,
1042 992 1088 1026 et
1110 985 1444 1027 bibliothecam

145 1049 428 1097 botanicam,
452 1048 546 1088 imo
577 1053 776 1103 utraque
807 1061 879 1088 res
899 1047 1168 1096 necessaria,
1201 1053 1248 1086 et
1266 1059 1358 1101 quo
1381 1045 1446 1085 di-

144 1111 260 1159 tior,
288 1122 342 1150 eo
370 1105 550 1149 utilior.
580 1106 752 1149 Hortus
773 1107 921 1148 siccus
952 1113 1135 1163 praestat
1155 1107 1277 1147 omni
1297 1106 1442 1154 icone,

143 1183 240 1226 quo
272 1169 443 1226 species
472 1166 531 1208 ad
560 1173 757 1208 mentem
786 1174 988 1208 nostram
1011 1172 1284 1208 revocentur
1308 1196 1320 1215 ,
1352 1178 1446 1221 quo

144 1242 270 1271 novae
323 1229 487 1285 stirpes
531 1227 901 1284 supervenientes
956 1240 1064 1267 cum
1111 1227 1204 1283 jam
1250 1226 1447 1282 cognitis

144 1295 470 1346 comparentur
499 1319 509 1329 .
541 1286 674 1329 Libri
703 1301 787 1329 nos
830 1286 1051 1337 edocent,
1099 1300 1197 1344 quae
1240 1286 1299 1328 ab
1342 1283 1448 1325 aliis

143 1347 341 1399 tradita,
373 1345 532 1405 figuris
563 1345 745 1390 selectis
772 1378 785 1398 ,
816 1354 864 1388 et
886 1345 1138 1388 luculentis
1168 1360 1250 1387 nos
1280 1342 1447 1386 confir-

142 1416 271 1450 mant
299 1410 347 1450 in
374 1408 514 1450 rebus
543 1407 719 1459 dubiis,
752 1414 799 1449 et
821 1406 1098 1449 certitudine
1128 1406 1446 1448 characterum

143 1470 362 1527 stirpium
385 1467 671 1510 detectarum
700 1482 784 1511 nos
813 1465 1232 1509 commonefaciunt
1263 1466 1319 1507 de
1344 1467 1446 1506 stir-

144 1529 285 1587 pibus
312 1529 443 1571 novis
465 1559 476 1571 .
508 1528 719 1587 Longum
767 1535 889 1570 certe
920 1526 1041 1570 foret
1092 1535 1139 1569 et
1186 1525 1447 1569 selectiores

143 1589 290 1631 libros
319 1588 375 1631 de
406 1604 455 1631 re
485 1588 700 1631 herbaria
722 1621 734 1641 ,
767 1596 813 1632 et
844 1589 927 1646 qui
957 1590 1155 1629 maxime
1204 1586 1446 1628 necessarii

145 1656 255 1691 sunt
282 1681 294 1700 ,
325 1648 402 1691 hic
427 1663 695 1692 enumerare
716 1666 734 1702 3
767 1656 815 1691 at
843 1662 960 1706 quos
1009 1648 1237 1705 praeterire
1286 1645 1447 1687 nullus

145 1710 388 1752 botanicus
442 1717 592 1768 potest
618 1743 631 1761 ,
677 1717 785 1752 sunt
839 1723 994 1751 omnes
1038 1708 1150 1751 libri
1194 1723 1221 1750 a
1265 1706 1446 1747 Linnaeo

147 1771 325 1826 scripti,
357 1777 403 1811 et
433 1771 659 1828 praecipue
690 1769 873 1828 Species
895 1770 1162 1826 plantarum,
1183 1768 1363 1810 edition.
1397 1779 1442 1807 2.

145 1828 342 1871 Holmioe
378 1830 512 1885 1762.
546 1830 673 1887 1763.
695 1862 706 1881 ,
738 1844 821 1872 nec
852 1844 944 1870 non
974 1829 1073 1884 ejus
1094 1829 1297 1884 Regnum
1328 1839 1447 1881 vege-

150 1888 285 1932 tabile
306 1921 318 1940 ,
346 1890 471 1947 quod
502 1906 606 1947 pars
637 1898 705 1933 est
734 1889 996 1947 Systematis
1040 1898 1211 1930 naturae
1241 1888 1350 1928 edic.
1377 1899 1443 1927 12.

149 1948 345 1992 Holmioe
380 1949 652 2006 1766-1768.
681 1982 693 2001 ,
737 1964 830 1991 una
860 1963 968 1990 cum
1011 1947 1253 1991 Mantissz's
1277 1945 1448 1988 duabus

148 2009 342 2051 Holmiae
379 2010 511 2066 1767·
549 2024 679 2066 1771.
707 2009 787 2050 His
830 2008 1057 2051 addantur
1097 2008 1277 2064 Species
1305 2007 1447 2063 plan-

150 2079 295 2112 tarum
313 2083 448 2121 cura,
472 2076 517 2111 et
539 2070 691 2112 studio
712 2067 869 2112 Caroli
890 2067 1113 2111 Ludovici
1135 2067 1445 2111 Willdenowii

149 2129 369 2188 evulgatae
393 2162 404 2180 ‚
452 2137 499 2171 et
536 2138 678 2172 auctae
709 2129 910 2172 Berolim'
945 2143 1073 2187 1797.
1127 2130 1250 2170 1310.
1280 2160 1291 2178 ‚
1325 2141 1446 2168 nunc

149 2206 177 2231 a
207 2189 279 2233 Cl.
313 2189 477 2231 Linkio
507 2192 778 2231 continuatae
805 2222 816 2240 ‚
854 2197 1066 2247 praeterea
1098 2188 1206 2231 libri
1239 2202 1390 2229 omnes
1419 2202 1446 2228 a

151 2249 322 2292 Vahlio
351 2284 361 2301 ‚
395 2250 663 2302 Persoonio,
697 2249 922 2293 Rocmero
947 2259 992 2292 et
1019 2248 1278 2293 Schultesio
1307 2282 1318 2299 ‚
1352 2248 1444 2289 De-

150 2309 391 2354 candolleo
420 2345 432 2363 ,
488 2310 758 2371 Sprengelio
817 2310 891 2354 vel
944 2312 1036 2367 jam
1088 2309 1279 2369 perfecti
1304 2343 1315 2359 ‚
1371 2305 1444 2350 vel
