1669 2563
249 132 329 172 130

184 235 432 292 eodemque
465 243 665 295 tempore
698 238 770 279 hic
798 241 918 294 parit
941 245 1149 287 mortem,
1183 235 1282 277 illic
1304 232 1476 278 vitam?

186 294 424 346 Quomodo
455 299 611 348 vitam,
645 305 689 339 et
720 300 1048 354 vegetationem
1081 298 1250 338 excitat
1280 298 1326 335 in
1348 299 1483 337 semi-

183 368 271 404 ne,
304 370 400 411 quae
430 358 558 407 vita,
604 365 648 397 et
702 359 958 414 vegetatio,
1011 372 1063 397 eo
1110 363 1439 398 maturescente
1468 389 1478 406 ,

182 414 310 455 brevi
341 417 507 457 iterum
540 417 871 474 suspendentur
894 420 910 458 ?
941 417 1053 468 Quis
1078 431 1150 457 eas
1182 430 1303 456 nunc
1330 415 1481 456 denuo

183 474 385 530 praecidit
412 508 423 525 ,
455 490 559 516 curn
592 478 740 533 prima
764 491 902 517 causa
933 474 1204 517 interficiens
1245 489 1366 515 nunc
1392 489 1483 515 am-

185 532 308 590 plius
328 549 417 575 non
439 538 526 578 sit?
559 535 652 577 Cur
687 537 894 577 ovarium
921 551 1094 592 semper
1128 542 1229 592 post
1255 533 1484 591 explosio-

182 608 284 633 nem
315 593 529 650 pollinis,
564 594 712 647 stilus,
746 604 790 637 et
814 598 975 652 stigma
1003 595 1279 652 quandoque
1306 596 1478 643 vivere,

182 659 228 692 et
256 656 413 710 augeri
460 662 685 712 pergunt?
735 656 914 708 Quibus
960 653 1258 712 philosophiae
1301 652 1484 710 legibus

181 712 338 754 eadem
369 728 506 755 causa
538 717 661 772 agit,
695 722 740 755 et
770 714 991 765 destruit,
1022 722 1088 755 est
1112 747 1122 765 7
1157 721 1202 754 et
1232 728 1322 754 non
1349 715 1484 754 estin

181 772 341 813 eodem
367 787 556 829 corpore
586 807 596 825 ,
629 777 675 815 111
705 774 866 816 iisdem
889 775 1252 815 circumstantiis
1284 804 1295 822 ,
1331 773 1380 813 in
1412 787 1484 813 eo-

181 831 283 872 dem
313 834 410 888 ipso
435 832 575 875 loco?
606 832 825 875 Praeterea
858 834 1102 888 subjiciam
1130 848 1237 873 cum
1269 831 1484 873 Trevira-

182 905 239 931 no
270 890 519 932 clarissimo
544 923 554 941 ‚
589 895 624 933 si
655 889 818 933 florum
851 894 919 934 vis
950 900 1180 949 vegetans,
1236 898 1481 948 postquam

181 953 467 1007 prospexerit
486 951 541 991 ad
575 954 835 1001 staminum,
870 959 914 992 et
945 950 1107 1007 pistilli
1140 950 1449 992 evolutionem
1470 983 1481 1001 ‚

180 1017 324 1050 cessat
354 1025 409 1050 ex
441 1009 649 1052 deletriei
676 1009 863 1066 pollinis
885 1017 1125 1067 potestate,
1158 1008 1362 1066 profecto
1394 1026 1484 1051 non

181 1070 380 1110 cessabit
413 1071 460 1109 in
482 1071 537 1110 iis
563 1067 772 1120 floribus,
803 1071 851 1109 in
897 1070 1067 1125 quibus
1092 1068 1277 1109 nullum
1328 1069 1485 1126 pollen

181 1136 271 1178 est,
306 1127 479 1170 scilicet
511 1131 556 1169 in
588 1127 779 1171 floribus
805 1127 967 1186 plenis,
1001 1128 1125 1185 quod
1169 1135 1329 1168 contra
1375 1143 1486 1185 quo-

182 1187 400 1229 tidianam
446 1191 770 1244 experientiam
802 1203 894 1230 esse
926 1191 1122 1245 quisque
1153 1186 1278 1228 facili
1303 1190 1486 1244 negotio

181 1246 434 1303 dignoscet.
459 1248 605 1305 Igitur
637 1248 721 1289 hac
745 1262 837 1290 una
861 1250 1035 1289 ratione
1058 1262 1242 1305 quoque
1265 1254 1361 1288 tota
1381 1247 1486 1289 Bos-

187 1307 350 1357 seckii‚
385 1307 639 1357 Schelveri‚
662 1316 707 1349 et
737 1307 1000 1349 Henschelii
1032 1305 1241 1348 doctrina
1261 1307 1484 1348 concidit.

250 1366 294 1421 ξ.
329 1369 429 1423 393.
462 1367 724 1425 Raspailius
754 1368 895 1438 dicit,
930 1383 1078 1409 semen
1099 1367 1218 1409 idem
1263 1381 1358 1408 esse
1383 1399 1394 1417 ,
1433 1382 1485 1407 ac

185 1441 407 1482 gemmam
426 1443 641 1477 rameam,
659 1430 875 1497 nascique
892 1442 917 1468 a
934 1442 1072 1469 nervo
1091 1427 1240 1468 medio
1257 1426 1406 1467 folioli
1429 1426 1486 1467 ad

181 1484 338 1527 florem
360 1489 644 1556 pertinentis,
677 1490 758 1544 qui
789 1502 973 1537 nervus,
1007 1486 1167 1528 relicta
1199 1485 1371 1542 gluma‚
1405 1486 1485 1527 de·-

180 1554 364 1602 generat
394 1549 440 1586 in
473 1562 696 1603 gemmam
725 1578 734 1587 .
769 1546 1003 1587 Sententia
1029 1546 1250 1603 Raspailii
1295 1561 1441 1586 semen
1471 1577 1482 1595 ,

179 1620 284 1646 cum
315 1608 628 1656 maturuerit,
661 1605 796 1646 nulla
827 1605 919 1647 alia
952 1621 998 1647 re
1032 1614 1167 1663 eget,
1195 1620 1333 1662 quam
1358 1606 1483 1662 quod

179 1664 362 1706 decidat
384 1681 409 1706 a
436 1674 619 1732 parente
645 1698 655 1716 ‚
689 1674 742 1705 ut
778 1668 974 1722 speciem
1008 1674 1264 1722 propaget3
1298 1680 1440 1721 quare
1469 1697 1480 1714 ‚

184 1739 292 1765 cum
348 1724 559 1782 plantula
595 1727 687 1780 jam
721 1727 777 1766 sit
802 1741 857 1766 ex
905 1727 1144 1782 semetipsa
1175 1728 1221 1765 in
1253 1723 1483 1781 gemmula

187 1787 384 1835 seminis,
413 1787 504 1825 vim
536 1787 747 1841 requirit,
779 1799 875 1841 quae
907 1800 1004 1826 eam
1036 1801 1061 1825 a
1092 1793 1234 1826 matre
1267 1783 1475 1834 divellat,

178 1846 355 1901 istaque
377 1846 442 1886 vis
468 1845 564 1885 basi
581 1859 761 1902 gemmae
781 1843 999 1901 applicita
1014 1852 1205 1885 mortem
1222 1845 1358 1894 basis,
1378 1844 1479 1884 ideo

177 1912 373 1945 mortem
406 1904 600 1961 pistilli,
629 1912 674 1945 et
706 1907 1033 1961 separationem
1075 1907 1255 1946 seminis
1299 1905 1479 1960 gignit3

177 1965 272 2020 agit
295 1977 402 2005 vero
429 1963 639 2018 chymico
678 1963 841 2014 modo,
875 1963 1050 2005 scilicet
1098 1978 1310 2005 vasorum
1362 1978 1482 2004 com-

179 2026 534 2064 municationem
565 2026 681 2064 inter
716 2031 907 2064 matrem
931 2056 942 2073 ,
975 2032 1019 2065 et
1051 2039 1199 2065 semen
1244 2025 1481 2080 intercipit

178 2082 251 2124 vel
284 2082 581 2125 dissolutione
612 2083 786 2139 aliqua,
819 2082 894 2124 vel
917 2084 1228 2125 obstructione
1259 2084 1479 2140 partium,

176 2143 301 2199 quod
323 2142 509 2200 quidem
530 2144 814 2200 dignoscitur
833 2158 859 2184 a
878 2142 1061 2184 macula
1087 2143 1307 2192 violacea,
1336 2158 1477 2199 quam

181 2204 301 2244 idem
349 2202 611 2259 Raspailius
645 2218 689 2244 se
718 2204 939 2260 reperisse
965 2210 1156 2244 testatur
1182 2206 1229 2244 in
1282 2203 1379 2244 basi
1422 2219 1485 2244 se-

176 2263 311 2305 minis
335 2261 456 2313 Zeae,
490 2265 627 2321 inque
660 2262 958 2321 receptaculo
992 2264 1093 2318 ejus
1116 2297 1126 2306 .
1164 2264 1357 2320 Insuper
1381 2263 1483 2304 duae
