1669 2563
1286 170 1370 225 275

205 279 595 323 Semidecurrentia
617 306 628 325 ‚
661 288 767 315 cum
799 273 871 314 ala
917 271 1108 314 foliacea
1140 288 1164 313 a
1196 272 1308 314 folio
1359 288 1437 314 su-

146 344 324 398 periore
374 354 464 380 non
519 335 737 394 pertingit
790 347 936 389 usque
991 333 1047 373 ad
1102 331 1264 373 folium
1321 332 1438 374 infe-

145 416 245 443 nus
272 432 282 442 .

200 455 578 516 Ampleoeicaulia‚
606 451 1056 507 semiamplexicaulia
1075 482 1086 500 ,
1118 464 1224 490 cum
1264 450 1439 507 ample-

143 527 332 562 ctuntur
371 514 445 558 vel
492 522 639 556 totum
662 544 675 563 ,
729 511 804 553 vel
836 510 1077 552 dimitiium
1113 508 1291 550 caulem
1339 512 1437 552 basi

145 579 336 622 dilatata
354 608 364 626 ‚
397 581 478 616 aut
508 572 734 632 producta
758 603 767 612 .

206 636 458 693 Perfoliata
483 666 495 684 ‚
538 647 646 675 cum
676 630 823 674 caulis
855 628 1059 687 perforat
1107 627 1285 672 discum
1337 626 1438 670 folii

147 712 290 756 prope
320 696 464 738 basim
487 726 498 735 .

199 756 408 799 connata
431 783 444 805 ,
473 750 933 808 connato-perfoliata
960 782 971 801 ‚
1002 763 1109 790 cum
1148 746 1261 790 folia
1293 760 1440 805 oppo-

143 818 230 860 sita
262 817 446 857 omnino
476 811 716 856 confluunt
745 810 935 853 basibus
968 811 1060 851 suis
1086 841 1095 850 .

210 876 486 932 Vaginantia
508 907 520 926 ‚
553 872 728 915 inferne
760 871 974 916 habentia
1006 869 1172 911 tubum
1194 899 1205 918 ,
1250 867 1331 924 qui
1363 879 1444 908 ve-

143 938 223 978 stit
254 934 435 977 caulem
465 967 475 976 .

203 996 463 1037 Orbicalata
485 1027 496 1045 ‚
526 992 799 1036 subt-omnnia
818 1024 829 1041 ‚
882 988 1140 1047 peripheria
1183 987 1400 1028 circinata
1426 1017 1438 1036 ,

141 1058 208 1098 ita
239 1064 293 1097 ut
322 1056 568 1097 diametros
599 1049 954 1110 longitudinalis
985 1047 1169 1106 aequalis
1190 1080 1201 1097 ‚
1235 1054 1316 1088 aut
1347 1045 1442 1088 fere

143 1115 329 1173 aequalis
354 1117 411 1157 sit
441 1115 664 1156 diametro
697 1121 955 1154 transversae
980 1142 989 1150 .
1149 1155 1153 1163 Ι

203 1175 355 1218 Ουαία
380 1207 392 1226 ,
440 1176 539 1218 basi
591 1172 938 1228 circumscripta
989 1175 1217 1224 segmento
1272 1164 1442 1207 circuli.

146 1235 371 1293 ampliore
395 1268 406 1286 ‚
446 1236 575 1292 apice
605 1234 871 1291 angustiora
894 1262 905 1281 ,
937 1238 981 1271 et
1012 1229 1229 1270 habentia
1272 1226 1442 1267 diame-

144 1304 268 1337 trum
299 1292 679 1352 longitudinalem
711 1293 846 1334 tertia
871 1298 999 1348 parte
1018 1321 1030 1340 ,
1062 1296 1144 1329 aut
1173 1285 1318 1344 duplo
1347 1301 1445 1327 ma-

145 1358 290 1413 jorem
321 1356 543 1397 diametro
578 1362 832 1395 transversa
855 1383 866 1392 .

203 1415 438 1466 Obovata,
472 1414 643 1457 obverse
673 1422 839 1461 ovata,
873 1424 981 1452 cum
1023 1414 1305 1465 segmentum
1352 1406 1448 1448 cir-

145 1475 242 1517 culi
267 1477 427 1518 baseos
457 1476 698 1532 angustius
749 1477 979 1529 segmento
1005 1501 1016 1519 ‚
1048 1468 1174 1527 quod
1221 1469 1268 1508 in
1312 1468 1442 1524 apice

147 1535 251 1578 folii
285 1543 355 1577 est
381 1568 390 1577 .

207 1595 399 1652 Oblique
431 1602 568 1637 ovata
591 1627 602 1644 ‚
635 1608 742 1635 cum
790 1590 936 1633 latera
985 1589 1145 1632 baseos
1198 1584 1446 1628 latitudine

147 1655 390 1712 inaequalia
408 1687 418 1697 .

208 1715 430 1772 Elliptica
454 1747 464 1765 ‚
491 1714 638 1757 ooalia
661 1746 672 1764 ‚
705 1726 802 1770 quae
831 1744 842 1762 ,
874 1711 1062 1752 servatis
1092 1706 1254 1749 iisdem
1275 1704 1450 1746 diame-

148 1777 231 1818 tris
260 1775 363 1817 folii
388 1776 510 1817 ovati
530 1807 540 1824 ‚
568 1775 697 1824 basi,
724 1780 769 1814 et
800 1773 928 1829 apice
962 1769 1264 1811 terminantur
1290 1765 1450 1806 eodem

151 1844 382 1894 segmento
412 1834 581 1877 circuli
606 1866 615 1876 .

207 1895 415 1952 Oblonga
434 1928 445 1946 ,
479 1909 585 1935 cum
616 1893 863 1934 diametros
894 1885 1248 1946 longitudinalis
1280 1885 1452 1936 tribus,

151 1964 411 2012 quatuorve
441 1955 623 1997 vicibus
672 1959 857 2011 superat
910 1950 1187 1992 diametrum
1231 1954 1455 1988 transver-

154 2031 250 2057 sam
272 2048 283 2057 .

213 2073 528 2131 Cuneiformia,
553 2074 700 2117 basim
729 2086 888 2114 versus
911 2071 1075 2112 sensim
1100 2067 1357 2123 sensimque
1382 2079 1457 2106 an-

155 2143 339 2193 gustata
374 2134 597 2177 lateribus
628 2133 766 2175 rectis
794 2164 804 2174 .

213 2193 492 2252 Spathulata
521 2194 619 2236 basi
652 2200 845 2250 angusta
870 2223 882 2241 ‚
914 2189 1051 2247 longa
1079 2221 1090 2238 ‚
1124 2200 1320 2243 superne
1353 2199 1456 2225 sen-

157 2256 241 2297 sim
292 2255 547 2312 sensimque
591 2252 782 2303 dilatata
810 2283 821 2301 ,
855 2247 1142 2293 suhrotunda
1189 2245 1354 2303 spathae
1386 2246 1456 2285 in-

161 2323 253 2357 star
279 2346 288 2356 .
