1669 2563
275 160 332 202 86

216 278 309 305 non
339 261 614 321 reliquerit.
662 261 722 303 At
754 261 1025 304 Saussurius
1052 292 1064 312 ,
1109 259 1331 317 periculis
1381 275 1517 318 super

216 323 403 367 Caecum
422 323 674 380 Opuntiam
691 324 916 365 institutis
941 353 952 372 ‚
977 337 1072 363 rem
1094 319 1293 362 ulterius
1318 323 1517 377 aperuit,

216 386 543 442 cognovitque,
575 398 725 425 aerem
777 383 1060 440 oxygenium
1109 395 1166 421 ex
1221 380 1519 437 atmosphaera

213 452 551 486 evanescentem
581 457 871 500 nequaquam
894 439 970 499 figi
987 443 1106 482 intr-a
1129 438 1332 497 plantam
1362 442 1408 480 in
1429 440 1515 482 hoc

215 506 337 545 aeris
370 511 524 553 statu;
558 510 668 544 tuno
699 505 819 545 enim
850 497 935 563 offe
995 500 1146 542 antliae
1182 501 1478 558 pneumaticae
1505 534 1516 551 ‚

215 563 290 606 vel
320 562 485 604 caloris
516 561 653 605 facile
707 564 876 604 iterum
907 562 964 603 ab
991 562 1089 618 ipsa
1111 558 1272 618 planta
1299 559 1517 610 evolaret,

217 623 295 665 sed
320 639 425 665 cum
456 637 593 664 succo
615 621 860 680 vegetabili
881 621 1061 662 diversa
1087 622 1384 677 proportione
1408 619 1520 674 chy-

215 686 335 725 mico
356 683 491 724 modo
515 684 714 733 misceri,
742 690 879 739 atque
902 680 1034 732 solvi,
1061 682 1127 722 ita
1153 688 1303 721 tamen
1329 687 1384 720 ut
1420 694 1520 720 ma·-

217 747 342 785 xima
371 744 510 798 hujus
546 744 664 784 aeris
685 743 933 799 quantitas,
966 755 1104 798 quam
1134 738 1249 781 folia
1279 748 1419 780 noctu
1442 740 1520 780 ab·

217 805 400 846 sorbere
425 802 578 844 valent
597 835 608 853 ,
639 805 791 861 ipsum
820 800 1042 843 foliorum
1072 799 1292 842 volumen
1323 799 1520 841 volumi-

215 879 271 905 ne
297 878 378 906 suo
403 864 649 920 aequiparet
666 895 677 914 ,
699 863 792 903 imo
816 869 982 918 quarta
1007 868 1192 916 superet
1215 867 1344 916 parte
1363 892 1373 901 .
1401 860 1520 908 Jam-

213 938 304 981 que
335 922 642 980 Spallanzanii
664 920 888 979 periculis
918 922 1183 960 innotuerat
1201 950 1212 970 ‚
1247 934 1398 960 aerem
1422 921 1519 960 aoi-

215 984 329 1024 dum
379 982 680 1023 carbonicum
711 980 896 1037 prodire
940 981 989 1020 in
1037 993 1142 1020 aere
1185 977 1348 1020 clauso
1379 1011 1390 1030 ,
1434 980 1520 1020 ubi

214 1042 377 1101 plantae
409 1043 687 1098 oxygenium
707 1054 858 1080 aerem
879 1040 927 1079 in
958 1038 1158 1079 tenebris
1182 1038 1516 1082 subduxerant.

213 1103 425 1160 Cumque
455 1101 576 1143 idem
628 1100 901 1143 Saussurius
922 1097 1332 1148 animadvertisset,
1365 1097 1478 1140 folia
1503 1131 1516 1150 ‚

215 1170 459 1219 postquam
490 1168 638 1202 totum
667 1192 679 1210 ‚
711 1173 847 1217 quem
879 1165 1098 1215 possunt,
1131 1159 1409 1213 oxygenium
1442 1174 1519 1199 ae·-

213 1237 308 1263 rem
337 1228 477 1262 noctu
496 1220 835 1270 absorbuerint,
851 1217 1002 1260 adhuc
1025 1225 1172 1258 tamen
1204 1232 1337 1273 agere
1362 1219 1409 1258 in
1433 1220 1520 1259 eir-

210 1283 459 1324 cumstanti
489 1295 592 1321 aere
615 1281 859 1336 oxygeuio,
892 1276 1122 1334 illumque
1152 1278 1201 1318 in
1222 1292 1372 1318 aerem
1427 1280 1518 1318 aci-

213 1341 325 1382 dum
366 1341 666 1382 oarbonicum
698 1338 899 1380 liberum
929 1345 1192 1379 convertere
1217 1368 1228 1387 ,
1261 1335 1516 1389 concludit,

210 1409 361 1442 totum
391 1416 543 1442 aerem
573 1402 853 1457 oxygenium
873 1432 884 1450 ,
916 1400 998 1454 qui
1028 1400 1075 1438 in
1096 1397 1359 1455 plantarum
1380 1412 1516 1439 succo

210 1470 353 1503 noctu
386 1460 582 1502 solvitur
610 1492 622 1510 ‚
654 1460 874 1501 carbonio
899 1460 1023 1500 succi
1045 1459 1203 1514 potiri,
1226 1466 1270 1498 et
1296 1460 1344 1498 in
1366 1472 1516 1499 aerem

210 1521 393 1562 acidum
425 1522 723 1562 carbonicum
741 1551 752 1569 ‚
784 1522 867 1576 qui
896 1519 1022 1560 intus
1051 1519 1101 1559 in
1131 1516 1291 1574 planta
1322 1515 1477 1575 figitur
1495 1550 1508 1568 ‚

210 1583 362 1639 ipsum
395 1594 582 1638 quoque
613 1580 783 1620 mutari
815 1611 826 1620 .

290 1698 537 1744 Nocturna
554 1697 773 1757 foliorum
802 1700 1026 1742 conversio
1058 1713 1245 1741 somnus
1277 1699 1398 1740 dicta
1423 1729 1434 1740 .

269 1820 315 1876 ᾗ.
348 1834 449 1877 279.
482 1819 534 1862 Id
560 1827 613 1860 ut
643 1817 721 1861 fiat
745 1851 757 1870 ‚
797 1819 998 1861 tenebris
1047 1825 1180 1876 egent
1231 1817 1393 1876 plantae
1413 1847 1424 1868 ,
1458 1833 1514 1859 ne

209 1879 293 1921 lux
316 1881 422 1922 solis
447 1894 707 1937 oxygenum
739 1881 855 1922 aeris
887 1880 976 1920 sibi
1006 1878 1269 1920 devinctum
1302 1880 1510 1920 retineat.

210 1940 357 1997 Igitur
388 1956 485 1997 quae
515 1956 606 1981 nox
639 1942 818 1998 requies
847 1941 1147 1980 animantium
1178 1947 1274 1989 est,
1301 1941 1349 1979 in
1380 1937 1514 1995 plan—

209 2003 266 2041 tis
296 1999 522 2043 functioni
552 2000 698 2050 vitali,
731 2014 828 2057 quae
859 2001 1086 2056 praecipua
1116 1999 1329 2049 habetur,
1377 2014 1511 2055 pera-

209 2061 358 2116 gendae
389 2062 575 2102 inservit
597 2093 607 2103 .
630 2061 743 2102 Hinc
780 2058 1226 2117 quamplurimarum
1248 2059 1510 2117 plantarum

208 2120 321 2162 folia
341 2129 479 2162 noctu
503 2124 568 2162 ita
598 2120 809 2162 locantur
837 2152 848 2171 ‚
881 2128 935 2160 ut
965 2122 1108 2176 magis
1154 2128 1261 2177 apta
1309 2121 1397 2161 sint
1451 2120 1510 2161 ad.

208 2196 359 2222 aerem
392 2183 672 2238 oxygonium
702 2183 827 2221 intus
857 2179 1167 2221 hauriendum
1195 2212 1205 2221 .

267 2241 312 2296 ξ.
344 2243 444 2283 280.
477 2242 641 2283 Acosta
668 2273 679 2291 ‚
712 2248 758 2282 et
787 2239 981 2297 Prosper
1013 2238 1209 2297 Alpinus
1231 2239 1324 2295 jam
1352 2240 1507 2281 mirati

205 2308 334 2344 erant
361 2309 635 2345 nocturnam
667 2300 783 2344 hano
814 2299 1407 2344 foliorumconversionem
1455 2301 1503 2341 in
