1669 2563
250 166 335 207 238

259 269 437 313 Villosae
455 302 467 320 ,
499 283 604 310 cum
630 266 714 326 pili
736 267 965 308 numerosi
986 296 997 316 ,
1031 262 1335 322 longiusculi,
1367 261 1488 305 mol-

191 329 258 373 les
276 362 288 381 ,
321 338 525 388 patentes
548 362 558 373 .

248 390 432 432 Sericeae
453 423 464 441 ,
498 404 603 431 cum
635 387 737 431 villi
770 386 1035 438 numerosi,
1063 384 1225 427 breves
1253 415 1265 434 ,
1309 381 1490 425 mollis-

189 452 293 493 simi
326 483 337 502 ,
366 451 502 492 nitidi
530 483 542 503 ‚
574 449 780 492 distincti
803 479 815 503 2
862 461 1022 490 omnes
1050 445 1208 488 eadem
1239 444 1490 486 directione

191 511 394 569 adpressi
422 542 432 554 .

250 570 442 614 Lanatae
463 602 475 622 ,
508 583 615 611 cum
645 566 749 612 villi
781 565 1052 608 creberrimi
1079 598 1093 618 ‚
1122 563 1250 622 longi
1277 596 1289 616 ,
1318 561 1490 614 albidi,

189 630 354 674 molles
381 663 392 683 ,
425 631 666 681 distincti,
696 626 948 670 laxiusculi
967 659 979 669 .
1264 622 1269 628 '

257 691 550 741 Tomentosae,
577 704 685 731 cum
711 696 835 730 tectae
865 686 994 729 villis
1023 684 1315 728 creberrimis
1333 716 1347 735 ‚
1378 681 1496 724 mol-

187 749 343 802 libus,
371 750 609 802 brevibus,
645 748 903 792 intertextis
921 780 933 799 ‚
966 747 1211 805 adpressis,
1247 744 1493 803 persisten-

192 812 346 854 tibus.

248 870 835 912 Arachnoideo-tomentosae
850 897 864 918 ‚
894 880 995 923 quae
1024 872 1150 907 tectae
1171 872 1373 907 tomento
1394 863 1496 905 bre-

188 933 265 984 vi,
298 930 456 972 albido
479 960 491 980 ,
525 929 792 970 tenuissimo
817 959 830 977 ,
862 924 1051 983 fugaci.

250 989 572 1033 Arachnoideae
596 1018 609 1039 ,
641 1002 738 1044 quae
770 994 937 1044 gerunt
965 983 1044 1026 fila
1072 986 1339 1027 tenuissima
1356 1014 1369 1034 2,
1397 982 1495 1024 lon-

191 1065 249 1108 ga
266 1081 279 1101 ‚
312 1047 537 1108 simplicia
556 1080 567 1100 ,
595 1045 781 1105 fugacia
801 1077 814 1098 ,
844 1048 925 1088 vix
955 1045 1194 1086 intricata.

249 1109 399 1153 Hirtae
421 1142 432 1163 ‚
465 1124 574 1152 curn
604 1115 825 1166 teguntur
857 1105 967 1165 pilis
996 1105 1172 1147 crebris
1195 1136 1210 1155 ,
1251 1102 1490 1153 brevibus,

189 1170 404 1228 rigidulis
429 1203 442 1222 ‚
470 1170 735 1229 patentibus
758 1199 770 1210 .

249 1230 452 1275 Hirsutae
474 1263 486 1283 ‚
520 1245 618 1289 quae
649 1235 871 1287 teguntur
901 1224 1012 1286 pilis
1041 1222 1218 1284 longis,
1250 1220 1499 1281 rigidulis,

190 1292 457 1350 patentibus
476 1323 486 1334 .

249 1351 440 1404 Setosae,
461 1364 559 1410 quae
589 1348 745 1392 ferunt
774 1346 894 1407 pilos
926 1354 1123 1398 teretes,
1144 1340 1494 1392 crassiusculos,

191 1426 303 1470 saepe
325 1413 486 1472 longos
503 1443 515 1463 ‚
543 1409 788 1470 rigidulos,
812 1423 955 1451 raros.
979 1407 1094 1451 Setae
1116 1407 1299 1448 variant
1322 1411 1496 1454 erectae,

196 1472 272 1516 vel
305 1475 524 1532 adpressae
544 1503 554 1514 .

254 1534 469 1592 Strigosae
497 1566 509 1585 ,
543 1546 640 1590 quae
671 1529 828 1573 ferunt
859 1527 980 1586 pilos
1010 1526 1173 1586 planos
1192 1559 1203 1577 ,
1237 1521 1464 1582 rigidulos
1489 1554 1500 1565 .

191 1596 357 1653 Strigae
388 1593 561 1636 ludunt
583 1599 793 1650 patentes
820 1622 832 1642 ‚
864 1589 939 1632 vel
973 1589 1146 1646 reflexoe
1170 1619 1179 1629 .

251 1656 461 1713 Hispidae
477 1685 489 1706 ,
521 1668 619 1712 quae
647 1658 865 1711 teguntur
892 1649 1001 1709 pilis
1025 1643 1345 1690 crassiusculis
1364 1673 1377 1697 ,
1408 1642 1498 1684 du-

191 1719 256 1760 ris
279 1749 293 1769 ,
324 1715 666 1774 pungentibus.

192 1776 283 1819 Pili
317 1778 407 1834 ipsi
439 1782 666 1818 vocantur

247 1836 482 1893 Simplices
507 1867 518 1888 ‚
550 1833 624 1877 vel
657 1832 848 1883 ramosi,
881 1827 1038 1885 bifidi,
1070 1827 1208 1882 trifidi
1241 1827 1371 1883 apice
1394 1856 1405 1866 .

250 1896 488 1938 Gloclzides
514 1927 526 1947 ,
579 1894 710 1952 apice
765 1899 1023 1935 retrorsum
1054 1887 1370 1931 multidentati
1403 1884 1498 1926 sine

190 1964 443 1999 curvatura
473 1955 617 2013 apicis
634 1986 646 1996 .

252 2016 446 2058 Hamati
474 2017 602 2073 apice
632 2022 779 2055 curvo
803 2043 815 2063 ,
846 2012 930 2068 qui
959 2024 1072 2051 cum
1103 2005 1295 2065 rigiduli
1316 2039 1328 2058 ‚
1361 2002 1500 2047 facile

192 2077 361 2120 haerent
392 2075 666 2133 corporibus
699 2073 920 2130 proximis
939 2102 951 2112 .

251 2137 436 2187 Conici,
468 2137 638 2178 clavati
663 2167 674 2183 ‚
705 2134 934 2189 capitati,
968 2128 1185 2171 urceolati
1204 2159 1214 2169 .

251 2197 497 2239 Articulati
519 2227 530 2247 ‚
562 2193 854 2252 eonfervoidei
870 2224 888 2247 ,
930 2187 1365 2248 diaphragmatibus
1416 2199 1498 2242 pa-

196 2257 375 2300 rallelis
404 2257 648 2313 intercepti
673 2286 682 2296 .

256 2316 587 2376 Monilzjformes
610 2348 622 2368 ,
653 2311 922 2365 articulati,
955 2318 1003 2354 et
1033 2309 1271 2354 constricti
1315 2305 1371 2350 ad
1418 2318 1499 2345 no-

195 2380 277 2425 dos
299 2411 311 2423 .
