1669 2563
1397 166 1450 218 41

234 271 544 328 excipiendam
561 301 572 319 ‚
605 276 741 323 atque
762 265 1154 307 obsecundandam
1173 297 1185 316 ‚
1239 273 1293 308 ut
1316 267 1410 309 vita
1430 269 1488 309 sit
1514 300 1524 310 .

236 329 340 372 Vim
363 333 494 372 istam
525 328 773 382 unicuique
805 327 986 382 corpori
1018 324 1074 365 ad
1099 327 1239 366 vitam
1291 336 1483 369 venturo
1513 359 1524 377 ‚

233 390 336 431 ideo
368 399 412 432 et
443 389 689 443 unicuique
723 384 881 442 plantae
906 416 916 434 ‚
950 385 1167 426 Summus
1214 399 1368 426 rerum
1421 387 1529 443 Opi-

234 449 309 490 fex
340 449 531 505 largitus
562 455 655 487 est.
689 444 1051 486 Incitabilitatem
1083 445 1352 485 recentiores
1385 446 1442 486 ab
1464 445 1526 486 ef-

235 508 356 550 fectu
390 513 745 563 nuncuparunt,
780 513 832 545 ut
863 520 958 547 rem
991 518 1177 562 quoquo
1223 503 1357 544 modo
1411 505 1532 544 indi—

235 573 390 609 carent
416 599 427 617 ,
460 568 593 622 cujus
647 573 858 606 naturam
911 579 1002 606 non
1053 572 1408 622 cognoscerent,
1450 579 1531 606 nec

235 626 351 685 forte
383 628 612 685 cognituri
644 640 848 682 unquam
882 626 999 666 sint.

744 745 896 787 CAPUT
946 743 1029 786 III.

500 867 574 909 DE
607 878 790 906 PLANT1s
839 877 1223 906 mco‘rrLEDonms
1252 896 1262 907 .

415 1045 596 1089 Divisio
622 1046 887 1104 plantarum
919 1059 948 1086 a
985 1042 1316 1100 cotyledonibus
1347 1074 1358 1085 .

291 1225 335 1280 ς.
374 1228 473 1268 138.
502 1184 706 1283 Liquet
729 1240 784 1267 ex
808 1225 1057 1282 praemissis,
1084 1222 1261 1281 plantas
1287 1237 1438 1264 omnes
1461 1220 1536 1263 vel

231 1285 586 1341 dicotyledoneas
612 1319 623 1335 ‚
655 1285 729 1326 vel
753 1285 1205 1340 monocotyledoneas,
1229 1282 1302 1325 vel
1328 1283 1530 1339 acotyle-

232 1346 395 1386 doneas
425 1362 517 1388 esse
546 1379 556 1397 ‚
589 1360 685 1402 quae
718 1360 786 1385 res
811 1345 903 1400 jam
934 1347 1195 1385 innotuerat
1247 1341 1495 1400 Caesalpino
1519 1373 1532 1384 .

232 1405 330 1446 Nec
365 1405 548 1447 levioris
578 1406 794 1446 momenti
850 1404 938 1444 haec
993 1404 1222 1445 distinctio
1274 1410 1341 1445 est
1363 1435 1374 1454 ‚
1425 1416 1534 1443 cum

234 1467 395 1520 stirpes
415 1498 425 1515 ,
461 1481 556 1522 quae
590 1464 646 1504 ad
668 1479 1036 1520 unamquamque
1068 1479 1123 1504 ex
1150 1464 1271 1504 hisce
1305 1463 1525 1503 tribubus

230 1527 460 1581 pertinent
483 1557 492 1574 ,
527 1532 804 1565 structuram
831 1527 1012 1563 omnino
1035 1525 1282 1578 propriam,
1309 1529 1353 1562 et
1376 1523 1535 1577 singu-

230 1583 374 1625 larem
416 1584 696 1641 possideant,
730 1584 793 1622 ita
824 1590 878 1622 ut
899 1590 1067 1623 naturae
1099 1582 1290 1622 studiosi
1323 1589 1535 1635 systema-

230 1652 277 1684 ta
302 1676 312 1693 ,
346 1651 390 1684 et
421 1644 657 1685 methodos
688 1643 743 1683 ad
771 1650 942 1700 gentes,
977 1640 1173 1683 familias
1202 1675 1212 1692 ,
1259 1649 1302 1682 et
1359 1643 1531 1697 species

232 1704 508 1745 dirimendas
545 1702 769 1761 peculiari
804 1702 911 1743 huic
958 1704 1216 1760 compagini
1273 1709 1534 1758 superstru-

230 1766 385 1805 xerint
418 1797 428 1806 .
462 1765 559 1806 Nos
593 1771 745 1804 autem
769 1796 779 1813 ,
804 1771 858 1803 ut
890 1764 947 1805 ab
980 1765 1035 1804 iis
1064 1796 1074 1814 ,
1108 1778 1204 1819 quae
1236 1762 1398 1816 majori
1431 1759 1534 1817 pol-

228 1823 326 1865 lent
356 1823 546 1866 artificio
566 1857 576 1875 ‚
610 1823 921 1875 exordiamur,
955 1823 1008 1865 de
1050 1822 1218 1880 plantis
1242 1819 1531 1877 dicotyledo—

228 1886 325 1926 neis
356 1887 503 1943 primo
535 1899 784 1926 sermonem
818 1884 1090 1926 habebimus
1117 1917 1127 1927 .

325 2003 436 2063 Quae
459 2006 716 2063 peculiaria
746 2007 916 2055 semini,
951 2014 993 2047 et
1025 2005 1256 2063 incipienti
1278 2001 1454 2061 plantae

717 2067 1056 2124 dicotyledoneae

295 2185 339 2240 ξ.
378 2189 473 2243 139.
508 2186 678 2229 Semini
725 2185 889 2228 harum
936 2185 1198 2245 plantarum
1229 2182 1431 2242 quaedam
1462 2196 1535 2238 pe-

233 2244 427 2287 culiaria
451 2280 459 2289 .
491 2246 718 2289 Germinis
758 2256 908 2305 partes
938 2254 1131 2289 externae
1163 2254 1406 2303 antequam
1431 2257 1529 2300 ger-

236 2307 410 2347 minent
427 2338 438 2356 ,
461 2309 605 2364 magis
625 2322 763 2365 quam
783 2307 897 2351 alibi
917 2307 1242 2366 conspiciendae
1259 2338 1271 2350 .
1305 2299 1533 2347 Radicula-
