1669 2563
1340 153 1396 210 95

163 260 285 319 Ergo
316 269 361 304 et
392 274 566 318 paucus
595 255 722 298 calor
754 262 836 306 est,
869 255 950 311 qui
981 255 1181 297 interdiu
1213 272 1268 298 ex
1313 258 1458 301 disso-

164 321 342 363 lutione
373 320 574 376 ejusdem
605 318 721 357 aeris
754 312 1076 374 proficiscitur,
1112 318 1192 371 qui
1223 332 1329 357 eum
1352 334 1458 374 par-

163 384 244 422 tim
290 396 438 423 aerem
485 377 765 433 oxygenium
825 376 995 415 iterum
1033 376 1079 413 in
1114 376 1458 432 atmosphaeram

164 440 421 483 evolantem
452 439 716 486 comitetur,
750 436 919 493 partim
950 436 997 474 in
1027 435 1217 474 materie
1244 450 1266 475 e
1292 435 1461 490 plantis

160 501 410 545 exsudante
449 497 721 540 absumatur
750 527 761 546 ,
817 495 1091 550 temperies,
1142 508 1238 549 quae
1290 494 1459 549 plantis

159 563 290 609 inest,
320 558 378 599 ab
408 557 649 597 ambientis
680 554 775 599 caeli
806 556 1025 611 temperie
1059 555 1219 609 nequit
1249 551 1457 598 differre.

159 620 367 674 Cumque
388 632 455 667 ea,
483 631 579 673 quae
603 618 650 656 in
683 613 875 656 floribus
919 614 1192 670 contingunt
1217 645 1228 663 ,
1262 612 1460 653 confun-

159 678 303 719 denda
334 692 424 718 non
455 679 544 717 sint
575 691 682 717 cum
736 674 848 725 illis,
895 689 991 731 quae
1023 673 1080 713 ad
1114 674 1461 729 respirationem

156 739 385 794 pertinent
407 770 418 788 ,
452 736 566 778 alibi
597 751 728 793 agam
761 735 815 776 de
870 733 1096 792 peculiari
1150 733 1459 790 quorumdam

155 796 321 839 florum
353 799 604 853 temperie,
638 810 734 853 quae
768 810 925 838 sensus
970 800 1150 837 nostros
1202 793 1309 839 dato
1346 801 1462 837 tem-

157 871 270 915 pore
304 855 533 914 percellit,
567 864 612 898 et
642 858 739 901 urit
763 888 774 898 .

213 917 257 974 §.
293 919 393 962 301.
428 916 600 958 Verum
632 924 754 965 sunt,
787 915 869 971 qui
901 913 1138 969 objiciant,
1171 927 1360 955 succum
1392 914 1460 954 in-

156 984 227 1018 tra
259 976 438 1034 plantas
469 978 618 1020 serius
637 975 807 1033 frigore
828 989 1117 1016 concrescere
1138 1006 1148 1024 ,
1171 988 1311 1031 quam
1336 988 1460 1030 aqua

153 1039 249 1084 aeri
286 1036 436 1083 libero
468 1039 727 1087 commissa2
752 1038 844 1077 imo
877 1034 1256 1079 thermometrum
1301 1036 1348 1074 in
1379 1049 1461 1091 pe-

155 1099 315 1140 nitiori
347 1097 525 1139 arboris
548 1096 673 1154 ligno
706 1096 910 1138 locatum
943 1094 1091 1141 hieme
1137 1093 1357 1148 maJ'orem
1384 1109 1462 1134 ca·-

155 1155 270 1198 loris
299 1164 454 1198 notam
482 1189 494 1208 ,
546 1165 696 1204 aestate
740 1158 964 1198 minorem
1006 1154 1244 1196 ostendere
1274 1185 1288 1204 ‚
1318 1169 1459 1211 quam

156 1219 238 1273 qui
270 1216 593 1258 thermometer
626 1219 674 1257 in
728 1215 1026 1272 atmosphaera
1078 1214 1319 1255 delitescat
1342 1245 1351 1254 .
1386 1213 1459 1254 Ex

154 1276 328 1333 quibus
358 1276 699 1333 conjiciendum
729 1277 927 1325 ducunt,
957 1273 1220 1332 plantarum
1244 1275 1460 1329 temperi-‚-

155 1351 227 1381 em
257 1337 419 1381 iisdem
451 1338 728 1387 rationibus,
758 1350 855 1393 quae
885 1337 932 1379 in
964 1333 1125 1375 calidis
1179 1332 1459 1375 animalibus

155 1411 212 1436 ex
235 1399 533 1453 respiratione
554 1399 828 1453 contingunt
846 1427 858 1445 ‚
885 1395 1132 1439 obnoxiam
1151 1426 1162 1444 ‚
1186 1393 1459 1450 plantasque

152 1457 296 1501 instar
328 1456 596 1499 animalium
623 1488 638 1507 2
695 1470 792 1512 quae
836 1454 987 1496 calido
1032 1456 1248 1511 sanguine
1275 1454 1460 1510 praedita

154 1515 375 1556 dicuntur
395 1548 407 1566 ‚
434 1515 666 1557 habendas
697 1530 792 1558 esse
822 1521 1038 1556 censent.

212 1575 259 1631 ξ,
290 1577 390 1617 302.
424 1575 568 1633 Atqui
600 1577 745 1616 omnis
776 1573 953 1632 liquor„
980 1571 1055 1614 vel
1087 1587 1193 1617 cum
1225 1573 1273 1615 in
1311 1570 1458 1629 capil-

154 1633 334 1681 larihus
366 1638 484 1677 vasis
517 1635 781 1677 occluditur
804 1665 815 1684 ‚
847 1633 921 1675 vel
952 1647 1045 1690 quo
1094 1634 1322 1689 impurior
1354 1640 1421 1673 est
1444 1664 1456 1682 ,

151 1711 205 1737 eo
233 1697 377 1740 serius
423 1694 596 1753 frigore
650 1695 934 1744 concrescit,
968 1701 1022 1734 ut
1053 1692 1347 1750 dignovimus
1401 1707 1458 1732 ex

156 1755 379 1812 physicis,
409 1757 536 1812 quod
568 1755 755 1813 quidem
787 1753 949 1795 iisdem
981 1752 1036 1794 de
1068 1754 1219 1794 causis
1252 1753 1298 1792 in
1326 1750 1460 1809 plan-.

152 1818 210 1858 tis
229 1815 326 1857 fieri
348 1831 525 1860 necesse
551 1824 635 1861 est,
654 1815 873 1856 Praeterea
897 1829 994 1870 quae
1015 1814 1221 1870 corporis
1246 1810 1457 1854 calefacti

152 1884 305 1933 partes
348 1875 478 1917 aliud.
519 1875 766 1934 frigescens
807 1889 976 1931 corpus
1018 1873 1190 1915 directe
1229 1879 1425 1929 tangunt
1450 1904 1462 1922 ‚

148 1938 289 1978 citius
317 1935 501 1994 frigoris
533 1939 659 1995 signa
711 1934 996 1993 portendunt
1019 1966 1030 1985 ‚
1080 1948 1220 1991 quam
1270 1947 1367 1989 quae
1399 1932 1458 1973 ab

151 1995 237 2037 illo
268 2005 444 2039 remotae
469 2030 481 2048 ‚
511 1999 647 2053 juxta
678 1995 929 2054 aequilibrii
960 1993 1099 2051 leges,
1132 1993 1306 2051 quibus
1336 1992 1459 2033 calo-

154 2057 218 2097 ris
247 2059 460 2099 materies
491 2065 638 2115 paret,
671 2066 716 2098 et
740 2072 820 2114 per
852 2057 1119 2100 universum
1152 2052 1457 2097 diffunditur,

153 2115 250 2156 Hac
276 2115 330 2158 de
360 2131 500 2158 causa
525 2115 787 2175 superficies
812 2115 998 2157 telluris
1016 2147 1029 2165 ‚
1074 2129 1171 2171 quae
1194 2113 1343 2157 hieme
1375 2111 1456 2153 fri-

154 2174 313 2230 gidum
363 2176 523 2218 caelum
588 2178 762 2223 directe
815 2176 1042 2232 contingit
1068 2207 1079 2225 ‚
1124 2172 1339 2231 frigidior
1390 2178 1458 2213 est

153 2233 321 2277 tellure
341 2235 479 2279 altius
509 2237 690 2296 sepulta
711 2269 722 2279 .
753 2233 926 2277 Eadem
951 2241 1106 2275 autem
1136 2247 1323 2292 prorsus
1352 2247 1458 2273 eve-

154 2296 292 2337 niunt
318 2295 367 2338 in
386 2297 550 2340 arbore
576 2329 590 2349 ‚
621 2297 678 2340 de
709 2310 802 2355 qua
829 2297 924 2353 jam
955 2294 1160 2341 diximus
1183 2327 1195 2345 ,
1233 2301 1288 2338 ut
1333 2288 1455 2335 nihil
