1669 2563
209 177 260 204 12

351 352 511 397 Nervi.
551 352 694 397 Venoe.
731 351 998 397 Interstitia.
1033 352 1246 398 Lacunae.

201 503 246 559 ᾗ.
278 503 349 557 46.
380 502 623 560 Antiquior
667 510 768 545 aetas
815 518 920 544 vasa
971 502 1233 561 plantarum
1284 504 1423 562 probe

144 578 234 605 non
263 572 562 621 cognoverat.
595 562 776 607 Nervos
795 595 806 612 ‚
838 571 883 605 et
916 577 1047 605 venas
1077 580 1170 605 esse
1202 567 1249 605 in
1300 564 1426 622 plan-

148 626 204 665 tis
234 625 426 666 obscure
457 622 707 666 tradiderat
735 623 1075 680 Theophrastus
1097 654 1108 674 ‚
1125 626 1308 666 nomina
1336 624 1426 666 haec

145 684 203 725 ab
234 683 515 727 animalibus
545 686 812 728 inconcinne
855 691 1124 733 mutuatus3
1170 683 1426 740 habuitque

143 758 226 801 pro
258 743 519 802 plantarum
547 747 698 786 nervis
729 752 933 786 extantes
965 744 1185 814 quosdam
1215 758 1426 786 vasorum

143 803 389 847 fasciculos
414 835 425 854 ,
457 805 537 861 qui
569 804 763 846 tendinis
793 804 995 845 adinstar
1039 806 1085 845 in
1139 818 1289 845 ramos
1337 819 1428 844 non

145 864 317 905 abeunt
345 864 366 919 [
392 865 527 906 tendo
559 867 679 907 enirn
711 881 737 906 a
784 865 1016 906 veteribus
1065 867 1195 906 nervi
1247 867 1429 904 nornine

143 924 473 981 indicabatur]
496 957 507 975 ,
540 939 621 982 pro
653 925 778 967 venis
808 937 913 965 vero
934 923 1178 966 fasciculos
1203 922 1326 973 illos,
1349 925 1428 980 qui

144 999 377 1027 ramorum
410 984 699 1041 processibus
728 983 998 1026 lateralibus
1017 985 1327 1041 insigniuntur
1346 1015 1356 1024 .

202 1043 247 1099 §.
279 1047 351 1100 47.
385 1042 548 1086 Praeter
578 1058 716 1095 vasa,
749 1044 804 1086 de
835 1045 1006 1101 quibus
1038 1044 1278 1100 hucusque
1310 1043 1432 1084 dixi-

144 1118 247 1144 mus
272 1136 283 1153 ‚
316 1112 422 1146 sunt
464 1119 650 1161 quoque
701 1107 937 1147 interstitia
988 1105 1105 1145 inter
1152 1103 1433 1147 cellularum

143 1165 354 1219 parietes,
385 1178 482 1221 quae
510 1179 723 1206 vasorum
752 1166 852 1207 vice
876 1164 1214 1222 quodammodo
1235 1162 1433 1221 fungun-

144 1231 221 1264 tur
240 1255 252 1274 ,
285 1225 379 1265 sive
411 1238 622 1275 succum,
655 1227 748 1266 sive
779 1239 931 1265 aerem
961 1225 1193 1280 excipiant
1216 1252 1226 1264 .
1257 1224 1434 1264 Horum

142 1281 234 1325 alia
271 1282 495 1333 fortuita,
527 1284 619 1325 alia
648 1297 757 1325 vero
789 1291 882 1324 tam
912 1285 1138 1325 constanti
1170 1289 1341 1323 naturae
1371 1281 1433 1323 le·-

142 1358 212 1398 ge,
244 1352 326 1384 aut
357 1343 515 1384 ordine
546 1346 594 1384 in
621 1343 784 1384 iisdem
815 1343 1053 1400 speciebus
1085 1351 1348 1393 occurrunt,
1381 1350 1435 1383 ut

139 1404 417 1458 vegetationi
449 1402 613 1446 harum
645 1402 909 1460 plantarum
938 1404 1193 1446 necessaria
1212 1417 1319 1445 cum
1340 1402 1433 1445 Βο-

141 1459 278 1503 dolfio
311 1469 546 1519 putemus.

200 1521 244 1575 §.
267 1523 340 1573 48.
362 1521 461 1563 Haec
484 1522 635 1562 omnia
649 1520 734 1562 sub
750 1528 985 1570 meatoun,
1008 1528 1054 1562 et
1069 1521 1280 1563 ductuum
1301 1524 1436 1563 inter-

141 1581 417 1622 cellularium
436 1614 447 1631 ,
479 1593 594 1637 quos
622 1581 715 1636 jam
731 1580 1050 1631 indicavimus,
1082 1581 1155 1623 vel
1177 1592 1436 1639 receptacu-

142 1641 282 1682 lorum
316 1639 608 1696 fortuitorum
632 1672 644 1691 ,
675 1640 749 1682 vel
780 1642 917 1682 etiam
963 1642 1224 1683 lacunarum
1253 1644 1435 1683 nomine

142 1701 486 1758 dignoscuntur.
518 1699 721 1742 Grewius
741 1733 753 1752 ‚
783 1701 1073 1758 Hedwigius‚
1126 1702 1403 1744 Treviranus
1423 1734 1434 1752 ‚

143 1759 384 1803 Mirbelius
416 1759 608 1818 politius
643 1776 730 1817 prae
760 1763 932 1804 caeteris
979 1761 1348 1820 descripserunt.
1385 1762 1435 1804 In

144 1821 356 1863 omnibus
386 1819 481 1862 fere
512 1819 682 1878 plantis
713 1823 1008 1878 lepeiiuntur
1035 1839 1047 1871 ;
1099 1831 1148 1864 at
1200 1823 1436 1865 abundant

142 1882 189 1921 in
218 1881 554 1923 senescentibus
573 1911 584 1931 ,
617 1888 662 1922 et
692 1883 739 1922 in
760 1881 1075 1938 aquatilibus.

201 1940 245 1997 §.
277 1942 349 1998 49.
385 1940 473 1982 Aer
505 1942 552 1982 in
583 1939 764 1984 lacunis
793 1941 980 1983 clausus
1014 1941 1088 1984 vel
1139 1942 1299 1984 eodem
1331 1957 1437 1982 mu·-

143 2017 249 2043 nere
282 2000 493 2058 fungitur
543 2032 555 2052 ,
589 2017 641 2044 ac
671 2017 748 2044 aer
800 2003 847 2043 in
904 2001 1103 2044 tracheis
1157 2011 1400 2045 contentus
1424 2035 1435 2051 ‚

143 2060 216 2102 vel
266 2060 499 2103 levitatem
573 2061 703 2103 illam
755 2063 982 2119 stirpibus
1027 2071 1266 2120 comparat
1285 2096 1294 2112 ‚
1346 2077 1439 2118 qua

143 2129 305 2179 egent,
338 2129 390 2162 ut
420 2121 528 2163 dato
561 2129 764 2180 tempore
794 2130 949 2163 natent
979 2124 1027 2164 in
1058 2138 1195 2181 aqua,
1220 2131 1305 2164 aut
1338 2138 1438 2163 ven-

143 2183 201 2223 tis
231 2181 542 2225 mulcentibus
572 2184 882 2242 obsequantur
907 2215 916 2224 .
