1669 2563
1284 184 1339 226 83

116 289 380 349 plantarum
410 285 719 345 chymificatio,
746 285 793 326 in
817 299 910 342 qua
932 284 1120 342 quidem
1144 301 1408 345 oxy-genum

115 355 234 393 aeris
264 348 589 406 atmosphaerici
621 344 875 402 plurimum
905 344 1028 386 valet
1051 377 1063 395 ‚
1098 347 1190 387 sive
1220 356 1324 403 agat
1361 350 1410 389 in

116 411 385 451 carbonium
416 408 574 455 succi,
599 412 653 446 ut
676 403 813 445 illum
843 420 872 446 a
919 404 1111 462 reliquis
1142 405 1408 448 substantiis

119 477 324 527 segreget
349 500 360 517 ,
393 473 530 523 atque
551 463 778 522 purificet,
812 466 905 506 sive
936 479 1044 506 cum
1064 463 1168 506 aliis
1212 465 1410 506 elemen-

117 532 177 570 tis
208 528 492 570 consocietur
523 525 580 566 ad
614 524 881 566 saccharum
905 556 917 575 ‚
949 523 1068 575 olea,
1101 526 1274 582 gummi
1299 556 1310 575 ‚
1337 541 1410 566 re·-

119 592 236 630 sinas
259 619 270 637 ,
301 585 482 642 aliaque
508 585 555 626 id
586 586 763 642 generis
794 584 997 642 paranda
1015 617 1024 626 .
1052 584 1154 637 Qua
1182 586 1231 625 in
1263 599 1310 625 re
1344 592 1413 625 te-

118 649 267 689 nebris
307 660 421 702 opus
453 653 550 695 est;
583 645 685 686 ideo
711 644 885 687 radices
915 646 962 685 in
994 651 1162 685 terram
1207 641 1413 702 defigun-

117 715 192 749 tur
214 738 225 756 ‚
256 721 310 747 ne
334 704 444 747 solis
474 704 560 755 lux
592 707 762 762 potiori
793 706 841 748 vi
888 719 971 748 sua
1015 704 1244 747 subducat
1292 718 1412 760 oxy-

115 781 281 831 genum
300 797 311 806 .

172 826 217 880 ξ.
250 838 350 880 272.
381 823 491 865 Inde
524 840 550 866 a
580 824 733 866 radice
759 838 924 867 succus
955 840 1036 882 per
1068 838 1249 866 omnem
1304 836 1412 864 cau-

114 884 206 927 lem
237 888 460 936 excurrit,
485 893 530 926 et
549 899 655 925 cum
685 901 859 944 semper
890 899 1157 943 semperque
1188 883 1303 926 alios
1333 884 1414 924 de-

115 944 294 987 faecatos
326 944 529 1002 liquores
560 946 760 1002 accipiat
782 978 793 996 ‚
825 959 967 987 cursu
997 947 1045 986 in
1074 948 1162 986 isto
1182 945 1414 985 continen-

114 1013 184 1046 ter
215 1003 448 1062 perficitur
472 1037 482 1046 .
513 1005 566 1046 Id
598 1006 740 1062 probe
772 1005 1144 1047 demonstrarunt
1193 1003 1413 1061 Knightio

117 1080 223 1106 cum
278 1067 427 1121 majus
459 1066 583 1106 succi
616 1065 816 1122 pondus,
849 1073 988 1122 prout
1020 1079 1184 1107 succus
1221 1080 1278 1105 ex
1319 1062 1416 1104 ela-

115 1126 224 1166 tiori
255 1124 358 1167 loco
390 1125 657 1182 desumptus
680 1157 692 1176 ,
725 1134 826 1167 tum
855 1123 1037 1167 dulcior
1068 1140 1124 1166 ex
1168 1125 1415 1181 copiosiori

117 1185 384 1230 saccharina
414 1187 604 1237 materia
635 1201 768 1244 sapor
793 1218 804 1229 .
834 1184 935 1228 Haec
965 1184 1240 1244 chylzficatio
1287 1182 1419 1242 plana

118 1252 171 1287 tae
201 1253 268 1288 est
290 1278 302 1288 .
697 1245 708 1255 λ
1027 1247 1032 1252 ”

239 1364 351 1423 Quae
381 1367 445 1409 vis
477 1379 655 1410 succum
685 1366 886 1425 impellat
915 1368 1035 1411 intra
1056 1367 1268 1426 plantam
1289 1396 1299 1408 .

179 1483 225 1539 §.
259 1487 362 1540 273.
394 1485 462 1526 De
493 1487 555 1537 vi,
583 1501 681 1543 quae
703 1501 892 1529 succum
922 1487 1045 1528 hunc
1076 1486 1292 1544 impellit,
1325 1483 1421 1526 dis-2

123 1542 333 1586 similiter
379 1546 582 1586 sentiunt
614 1546 900 1604 physiologi.
941 1545 1147 1587 Grewius
1182 1546 1230 1587 id
1255 1545 1423 1586 tribuit

119 1603 301 1645 levitati
346 1605 445 1660 ejus
473 1637 484 1656 ,
538 1619 591 1647 eo
643 1605 769 1664 quod
810 1619 1064 1663 vaporosus
1102 1607 1195 1655 sit;
1248 1606 1325 1645 cui
1357 1604 1424 1644 rei

123 1663 381 1722 opitulatur
434 1663 658 1708 relaxatio
689 1699 701 1717 ,
758 1673 804 1707 et
856 1665 1121 1707 constrictio
1170 1663 1424 1706 solidarum

122 1724 327 1781 partium
359 1740 414 1766 ex
446 1725 602 1767 calore
622 1758 633 1776 ‚
665 1734 711 1768 et
746 1724 918 1783 frigore
967 1724 1301 1782 atmosphaerici
1355 1738 1426 1764 ae-

123 1786 187 1826 ris
210 1817 219 1827 .
254 1784 536 1832 Sententiam
569 1785 686 1828 hanc
733 1785 1040 1828 defenderunt
1090 1784 1347 1834 Borellius,
1378 1789 1425 1823 et

122 1844 373 1886 La—Hirius
398 1877 409 1896 ‚
441 1844 642 1889 valvulrs
673 1847 794 1887 intra
818 1861 926 1888 vasa
955 1845 1243 1902 lymphatica
1265 1844 1427 1885 admis-

124 1907 184 1946 sis
203 1919 425 1946 venarum
449 1920 596 1947 more.
619 1906 690 1948 Ab
711 1907 887 1948 actione
936 1905 1120 1957 caloris,
1163 1912 1208 1947 et
1243 1903 1428 1961 frigoris

125 1978 232 2005 cum
260 1980 395 2022 super
423 1974 574 2022 partes
604 1966 774 2008 solidas
794 1999 804 2017 ,
827 1974 927 2007 tum
957 1981 1095 2024 super
1126 1963 1311 2014 fluidas,
1335 1972 1379 2005 et
1403 1979 1430 2004 a

127 2023 350 2079 peculiari
380 2041 593 2067 vasorum
629 2034 878 2078 structura,
904 2027 1018 2083 quid
1049 2024 1198 2067 simile
1228 2022 1430 2065 valvulis

126 2082 325 2125 habente
345 2117 355 2135 ,
389 2094 442 2125 ut
472 2085 587 2127 ali‘as
619 2087 757 2137 dixi,
791 2101 886 2128 rem
918 2085 1148 2144 explicuit
1177 2083 1429 2142 Malpighi-

130 2156 187 2183 us
213 2175 222 2184 .
244 2142 403 2186 Postea
435 2144 828 2188 fermentationem
859 2145 1134 2201 chymicam,
1167 2153 1249 2186 aut
1279 2143 1429 2201 capil-

128 2200 299 2243 larium
328 2205 547 2246 tuborum
576 2209 670 2248 vim
693 2239 704 2258 ,
737 2214 819 2254 aut
848 2206 1156 2248 Hallerianam
1188 2203 1432 2246 irritabili-

130 2269 272 2303 tatem
297 2294 309 2312 ‚
340 2271 422 2305 aut
449 2279 664 2307 vasorum
693 2267 1052 2308 contractionem
1074 2267 1133 2308 ab
1159 2264 1432 2306 clasticitate

131 2320 384 2380 profectam
408 2355 421 2375 ,
451 2332 534 2367 aut
561 2327 770 2369 materiei
819 2325 1115 2370 invisibiliter
1163 2324 1390 2367 exsudatae
1418 2355 1430 2374 ‚
