1669 2563
1336 201 1385 242 51

160 311 346 361 texisse,
372 307 495 367 quod
521 313 643 348 certe
671 306 879 354 texisset,
902 305 937 345 si
966 309 1094 344 ortus
1118 312 1234 346 esset
1259 321 1285 346 a
1310 304 1449 362 ligno,

214 371 260 425 ς.
302 385 394 426 ¹7¹·
428 369 644 419 Quinimo
690 381 746 406 ex
780 364 866 406 hoc
899 363 1176 419 intelligitur
1208 397 1217 414 ‚
1254 380 1335 404 cur
1385 381 1454 405 ar-

157 431 282 471 boris
315 430 489 485 lignum
509 459 520 475 ,
554 425 634 466 ubi
667 424 827 482 aliqua
858 425 929 465 sui
977 431 1105 480 parte
1148 422 1420 466 vulneratur
1441 458 1452 473 ‚

159 490 264 546 plus
293 491 495 530 minusve
526 484 618 531 alte
651 492 862 534 arescat,
895 491 939 524 et
971 484 1195 524 moriatur
1227 515 1236 532 ‚
1279 491 1455 523 cortex-

156 565 247 606 que
297 547 617 603 superveniens
648 560 704 586 ex
751 544 958 586 vulneris
1000 544 1205 599 margine
1250 540 1456 597 undique

158 610 408 666 germinet,
437 614 480 646 et
507 605 564 646 ad
596 614 806 646 centrum
838 605 937 659 ejus
970 601 1195 661 paulatim
1237 601 1458 643 extenda-

160 678 234 709 tur
257 700 268 717 ‚
301 667 442 706 donce
473 667 666 707 cicatrix
697 679 794 707 sero
827 664 1011 705 demum
1042 662 1239 704 ducatur
1265 694 1274 703 .

219 727 263 782 ᾗ.
303 740 396 781 172.
429 726 638 767 Fuerunt
668 740 854 782 quoque
886 725 967 780 qui
1013 724 1248 772 dixerint,
1295 719 1458 762 albus-2

158 802 267 828 num
299 784 395 826 fieri
427 801 483 827 ex
523 785 700 842 glutine
743 784 943 843 quodam
969 784 989 837 <
1012 782 1226 825 cambium
1254 783 1458 834 vocant)

158 846 283 903 quod
321 861 445 902 aeque
493 854 648 887 manat
683 861 740 887 ex
780 847 951 887 cortice
975 876 987 894 ‚
1038 852 1085 885 et
1116 859 1172 885 ex
1205 843 1459 898 antiquiori

160 906 315 964 ligno,
349 914 394 947 et
441 907 488 948 in
536 905 713 963 lignum
753 906 937 947 demum
983 903 1251 946 solidescit.
1307 902 1458 959 Igitur

159 981 258 1024 quo.
285 975 490 1024 tempore
522 966 684 1024 gluten
717 966 802 1008 hoc
835 966 1087 1007 secernitur
1107 996 1118 1015 ‚
1150 971 1311 1004 cortex
1337 976 1461 1003 secc-

159 1027 228 1067 dit
257 1042 283 1067 a
315 1025 457 1084 ligno,
492 1036 545 1067 ut
574 1026 789 1068 cambium
819 1028 937 1067 inter
969 1032 1224 1081 utrumque
1251 1022 1462 1064 subside—

159 1094 207 1127 at
230 1119 239 1128 .
280 1087 340 1128 At
385 1090 694 1144 experimenta
726 1086 921 1128 Hamelii
947 1118 958 1137 ,
990 1099 1088 1143 quae
1125 1085 1336 1141 superius
1372 1082 1459 1137 (ἓ.

169 1147 304 1203 169.)
335 1147 577 1188 attulimus
601 1180 612 1198 ,
645 1163 751 1189 cum
783 1148 962 1204 lignum
1011 1144 1271 1187 omnimode
1303 1142 1461 1184 exclu-

162 1207 273 1247 dant
297 1223 352 1248 ex
385 1206 571 1248 alburni
603 1211 754 1264 genesi
781 1240 792 1258 ‚
825 1206 995 1249 falsum
1026 1220 1212 1263 quoque
1244 1218 1337 1245 esse
1382 1203 1463 1243 de-

163 1274 429 1317 monstrant,
463 1267 677 1308 cambium
707 1284 733 1309 a
766 1267 891 1326 ligno
922 1265 1079 1307 fluere.
1112 1264 1331 1305 Praeterea
1362 1261 1463 1303 nul-

164 1326 237 1368 lus
267 1326 507 1384 hueusque
539 1327 656 1368 vidit
685 1329 732 1368 in
765 1327 992 1385 organicis
1022 1325 1296 1382 corporibus
1319 1325 1465 1364 istum.

166 1386 360 1443 liquoris
394 1389 440 1428 in
472 1387 664 1428 solidam
697 1388 1000 1430 substantiam
1032 1386 1276 1426 transitum
1313 1381 1463 1424 veluti

165 1463 245 1503 per
275 1448 716 1498 cristallizatz'onem,
750 1462 832 1489 nee
863 1460 970 1488 vera
1019 1444 1155 1487 datur
1203 1444 1387 1485 corticis
1439 1458 1468 1482 a

167 1507 293 1563 ligno
337 1509 562 1563 separatio
587 1540 598 1557 ,
646 1507 915 1548 ascendente
955 1519 1122 1555 succo,
1154 1513 1208 1545 ut
1251 1501 1468 1544 cambium

163 1566 391 1607 exsudans
430 1567 495 1607 ibi
523 1567 755 1608 subsideat
778 1598 788 1607 .
811 1566 1102 1608 Continuitas
1128 1564 1330 1619 partium
1355 1577 1465 1602 senr-

170 1642 250 1683 per
295 1627 484 1677 eadem,
517 1635 564 1667 at
600 1626 783 1668 facilior
828 1628 1112 1667 teneriorum
1138 1638 1165 1663 a
1197 1622 1469 1663 durioribus

169 1688 392 1742 sejunctIO
429 1703 484 1727 ex
515 1690 649 1744 eopia
673 1687 881 1728 humoris
914 1685 1120 1741 undique
1151 1681 1382 1723 affluentis
1407 1714 1416 1722 .

229 1748 274 1803 ς.
302 1750 398 1804 173.
419 1747 627 1804 Denique
642 1747 875 1789 Aubertus
896 1747 974 1788 Du
994 1744 1113 1786 Petit
1133 1743 1343 1784 Thouars
1364 1756 1471 1782 cum

168 1809 338 1849 viderit
363 1840 374 1858 ,
408 1823 433 1848 a
465 1807 811 1865 pullulantibus
843 1807 1033 1864 gemmis
1076 1804 1311 1847 Dracoenae
1341 1801 1470 1843 Drm-

171 1871 317 1919 conis,
343 1883 440 1925 quae
471 1867 911 1924 monocotyledonea
956 1874 1052 1917 est,
1083 1864 1221 1906 fibras
1254 1879 1334 1920 per
1380 1861 1470 1903 sal—

173 1943 273 1978 sum
305 1930 522 1970 corticem
552 1927 873 1971 descendentes
903 1929 994 1986 agI,
1019 1928 1277 1983 suspicatus
1303 1930 1369 1963 est
1390 1955 1400 1974 ,
1423 1922 1472 1962 id

174 2003 358 2046 quoque
387 1987 483 2030 fieri
516 2004 643 2047 posse
674 1992 721 2030 in
757 1989 928 2047 plantis
974 1985 1338 2042 dicotyledoneis
1362 2015 1373 2033 ,
1408 1984 1472 2022 ita

173 2057 227 2090 ut·
256 2052 412 2090 earum
445 2065 643 2107 gemmae,
667 2047 794 2092 fibris
819 2051 937 2091 inter
961 2050 1198 2096 corticem,
1223 2052 1270 2086 et
1295 2043 1475 2100 lignum

175 2111 419 2165 quotannis
449 2111 655 2152 demissis
681 2143 691 2161 ‚
719 2109 898 2167 lignum
943 2109 1149 2165 undique
1196 2103 1473 2162 amplectan-

175 2177 251 2210 tur
276 2203 287 2222 ‚
317 2177 363 2211 et·
392 2169 641 2212 alburnum
672 2173 872 2212 excitent
894 2203 903 2213 .
938 2169 1028 2213 Sed
1048 2183 1154 2210 cum
1184 2164 1473 2208 inordina-tus

175 2245 458 2286 gemmarum
490 2233 603 2273 situs
634 2231 809 2289 ligneos
831 2231 1012 2273 ordines
1044 2226 1279 2286 regulares
1310 2238 1474 2279 neque-

176 2298 224 2330 at·
247 2291 428 2348 gigne-re
448 2323 466 2342 ,Ὗ
491 2307 691 2349 quorum
722 2292 796 2333 hic
830 2305 946 2349 opus
967 2298 1034 2332 est
1057 2322 1068 2340 ,
1101 2303 1183 2330 nec
1208 2285 1327 2327 fibrae
1354 2298 1474 2339 gem·-

178 2365 360 2395 marum
390 2349 658 2394 lateralium.
674 2353 721 2393 in
745 2351 1108 2408 dicotylcdoneis
1132 2347 1300 2405 plantis
1350 2350 1484 2393 rectaq
