1669 2563
227 168 320 224 40,

163 286 300 329 quam
331 267 578 310 certissime
610 270 779 322 auget3
813 262 915 304 ideo
946 257 1263 318 germinationi
1309 257 1458 297 maxi-

163 347 232 372 me
266 330 417 371 favet.
450 328 636 379 Quoties
666 325 778 373 vidi,
802 324 970 364 semina
1001 319 1264 377 plantarum
1289 333 1312 359 e
1341 316 1458 357 cali-

164 392 372 432 dioribus
397 396 520 429 terrae
554 385 699 443 plagis
730 382 1058 442 proficiscentia
1081 412 1092 430 ‚
1139 379 1301 418 aestivis
1352 390 1462 434 pro-

167 451 390 494 cellarum
424 446 591 505 pluviis
612 478 622 495 ,
655 460 750 502 quae
782 442 981 501 plurima
1013 454 1186 496 semper
1233 437 1463 478 electrici-

168 519 260 552 tate
293 508 467 567 pollent
495 540 505 558 ,
538 508 732 547 irrorata
772 510 928 560 sponte
973 502 1095 542 nasci
1121 531 1131 548 ,
1154 540 1156 543 ,
1183 512 1288 538 cum
1332 504 1465 537 antea.

169 569 518 627 irrigationibus
549 565 826 623 quotidianis
851 595 862 613 ‚
897 570 941 603 et
985 558 1312 603 Vehementiori
1357 556 1465 597 solis

171 631 299 672 radio
332 631 449 669 intra
474 629 591 667 vitra
625 626 922 666 restitissent!

232 691 276 745 ὃ.
315 690 409 730 135.
442 688 546 739 Quae
578 701 646 727 res
677 692 865 725 externae
898 682 1068 721 semina
1099 680 1145 718 in
1177 677 1466 734 germinatio-

172 766 275 791 nem
305 747 584 805 impellunt,
617 745 778 786 eaedem
809 750 853 783 et
897 739 1122 782 bulbillos
1152 771 1161 788 ‚
1216 745 1260 778 et
1292 751 1468 794 gongy-

173 810 243 851 los
266 842 275 851 .
307 808 367 848 At
397 805 587 849 bulbilli
620 805 665 845 id
698 802 930 861 peculiare
962 800 1147 847 habent,
1183 798 1334 854 quod,
1360 810 1468 837 cum

175 869 377 927 plurImO
436 873 642 924 praestent
691 878 875 904 succoso
930 858 1279 918 parenchymate
1308 889 1319 907 ‚
1367 871 1471 913 ger-

172 945 275 970 men
302 927 557 969 obducente
586 958 596 975 ‚
659 923 926 981 germinatio
982 934 1140 961 eorum
1189 919 1324 959 etiam
1375 918 1468 957 sine

172 988 364 1030 humore
395 995 584 1028 externo
615 985 804 1040 incipiat
829 1015 839 1032 ,
896 981 1238 1036 superveniente
1290 984 1469 1017 tanturn

173 1048 407 1089 moderato
441 1045 639 1103 quodam
663 1044 837 1084 externi
863 1039 1027 1081 caloris
1052 1038 1196 1095 gradu
1216 1068 1225 1078 .
1250 1035 1470 1076 Praeterea

173 1110 241 1149 vis
266 1106 572 1150 bulbillorum
604 1105 858 1161 germinans
888 1101 1018 1140 initio
1050 1099 1193 1154 magis
1225 1097 1271 1136 in
1316 1110 1473 1136 ascen-

173 1168 304 1209 dente
336 1165 565 1223 gemmula
592 1197 602 1215 ,
635 1178 772 1220 quam
803 1164 848 1203 in
879 1158 1175 1200 descendente
1208 1156 1360 1198 radice
1393 1156 1471 1197 ab·
1505 1167 1508 1170 ·

176 1230 372 1268 sumitur
403 1258 411 1267 .

233 1288 276 1341 ξ.
318 1286 410 1327 136.
444 1285 615 1326 Contra
645 1279 832 1338 goiigyli
856 1312 866 1329 ,
900 1286 953 1318 ut
984 1278 1264 1334 germinent,
1322 1282 1475 1316 exter-

174 1361 231 1387 no
265 1346 455 1387 humore
478 1345 657 1400 copiose
679 1340 952 1388 afficiantur,
974 1351 1207 1378 necessum
1232 1342 1299 1375 est
1322 1367 1332 1376 .
1358 1335 1473 1375 Hinc

172 1407 218 1446 id
250 1408 399 1447 evenit
428 1403 501 1445 vel
525 1406 644 1443 intra
675 1416 839 1457 aquam
864 1432 874 1448 ‚
922 1397 994 1439 vel
1044 1395 1361 1453 squalentibus
1385 1427 1397 1446 ,
1427 1402 1473 1435 et

175 1467 423 1523 prohibitis
454 1480 479 1504 a
513 1463 605 1504 sole
630 1461 741 1502 locis
766 1493 776 1510 ,
810 1459 882 1501 vel
909 1458 965 1498 acl
990 1458 1136 1497 nivem
1161 1455 1477 1511 deliquescen-

174 1535 266 1567 tem
288 1558 298 1575 ‚
333 1524 408 1566 vel
440 1532 541 1580 post
571 1523 802 1578 copiosam
845 1517 1050 1575 pluviam
1074 1547 1084 1557 .
1125 1514 1206 1555 Est
1254 1529 1439 1571 quoque
1464 1547 1476 1565 ,

176 1594 231 1626 ut
287 1583 577 1641 quorundam
631 1594 847 1637 generum
871 1611 881 1629 ,
936 1578 1240 1633 stirpiumque
1286 1573 1476 1631 gongyli

175 1645 359 1702 frigoris
392 1655 675 1698 summopere
698 1641 918 1697 patientes
953 1638 1041 1677 sint
1063 1667 1073 1676 .
1102 1635 1216 1675 Hinc
1237 1634 1479 1688 hujusmo-

176 1706 222 1746 di
256 1704 415 1762 plantae
465 1699 755 1759 gongyliferae
799 1698 993 1738 ultimus
1033 1696 1330 1752 vegetationis
1385 1703 1478 1734 ter-

176 1768 327 1805 minus
359 1771 455 1803 tum
486 1764 533 1802 in
565 1760 802 1817 polaribus
831 1791 841 1808 ‚
876 1765 974 1798 tum
1003 1759 1048 1796 in
1074 1755 1346 1796 editioribus
1378 1753 1479 1810 gla-

177 1827 264 1865 ciei
296 1823 442 1881 plagis
463 1854 471 1863 .
503 1821 683 1874 Quibus
713 1819 767 1860 de
798 1819 947 1859 causis
980 1816 1132 1857 videre
1161 1815 1273 1856 mihi
1298 1814 1476 1864 videor,

180 1883 402 1941 gongylos
434 1883 615 1923 omnino
667 1894 756 1920 non
788 1894 905 1919 essse
941 1875 1156 1918 bulbillis
1188 1873 1358 1916 similes
1382 1907 1393 1924 ,
1429 1882 1481 1915 ut

179 1947 486 1986 recentiorum
518 1940 726 1998 plerique
758 1945 1001 1980 autumant
1022 1969 1031 1978 .

239 2005 282 2059 (ξ.
336 2006 429 2059 137.
476 2002 603 2042 Licet
639 2014 746 2041 vero
784 2005 1050 2040 enumeratae
1090 2011 1158 2037 res
1202 2002 1392 2035 externae
1436 2002 1482 2035 et

179 2067 344 2106 senuna
372 2096 382 2113 ‚
415 2070 460 2103 et
489 2059 716 2103 bulbillos
745 2092 755 2109 ,
778 2067 822 2100 et
852 2056 1075 2116 gongylos
1106 2056 1162 2097 ad
1196 2057 1335 2095 vitam
1395 2069 1478 2094 ex-

181 2127 346 2166 citent:
387 2130 484 2163 tota
538 2130 687 2162 tamen
735 2119 902 2160 horum
955 2116 1329 2159 vivificandorum
1361 2123 1485 2171 pote.-

181 2194 270 2226 stas
302 2186 347 2224 in
368 2184 564 2224 externis
589 2182 725 2222 rebus
746 2194 835 2220 non
861 2188 946 2220 est.
974 2177 1155 2219 Etenim
1178 2178 1245 2217 vis
1276 2174 1480 2232 quaedam

182 2248 230 2286 in
275 2245 498 2301 organicis
556 2241 826 2299 corporibus
857 2239 991 2288 latet,
1042 2253 1138 2295 quae
1189 2236 1343 2278 eadem
1375 2242 1482 2292 apta

183 2305 336 2346 reddit
406 2304 463 2345 ad
541 2300 837 2344 stimulorum
906 2307 1201 2342 externorum
1252 2298 1476 2337 actionem
