1669 2563
1431 129 1482 184 57

250 232 440 275 liberior
472 234 589 275 aeris
615 264 625 283 ,
653 241 698 273 et·
729 230 847 273 lucis
878 230 1073 288 desuper
1118 234 1295 289 agentis
1338 247 1547 276 accessus

249 292 357 335 illos
402 293 460 334 ad
492 290 875 350 perpendiculum
908 289 1001 331 fere
1026 292 1235 340 detinet,
1266 300 1312 332 et
1341 291 1517 335 firmat.

305 352 350 408 ς.
389 367 483 409 191.
510 351 639 392 Rami
661 351 840 392 diversa
860 358 1070 407 praestant
1091 351 1421 408 magnitudine,
1438 355 1548 410 quia

245 427 336 454 non
367 425 518 453 omnes
548 410 703 451 eadem
734 412 778 452 vi
810 412 1061 452 nutricium
1087 425 1274 452 succum
1300 409 1519 453 hauriunt
1537 444 1547 453 .

246 472 339 514 Ubi
382 472 523 527 igitur
554 472 704 526 majus
750 471 1082 513 nutrimentum
1112 479 1179 513 est
1206 502 1217 522 ,
1249 470 1316 512 ihi
1366 484 1549 528 quoque

244 534 386 585 major
408 544 560 571 ramus
578 562 588 572 .

312 589 356 644 §.
395 603 489 646 192.
521 590 624 642 Qua
656 604 810 631 ramus
841 605 865 631 e
886 588 1022 632 caule
1066 590 1270 647 erumpit
1299 622 1310 639 ,
1354 591 1552 631 exterio-

246 664 315 690 res
348 647 460 705 ligni
492 648 612 691 fibrae
658 649 910 700 secedunt,
959 659 1013 691 ut
1038 649 1110 691 illi
1159 650 1348 691 exeunti
1393 648 1549 691 locum

244 708 469 765 praebeant
489 741 499 751 .
532 710 662 751 Tunc
694 708 814 751 fibrae
861 712 973 752 rami
1004 709 1130 753 fibris
1177 709 1326 752 caulis
1369 710 1552 752 interse-

245 774 409 811 runtur
436 802 449 821 ‚
480 771 834 812 commiscentur
858 802 872 824 ‚
904 771 1024 813 unde
1054 770 1204 813 nodus
1232 802 1243 813 .

449 888 749 949 Augmentum
787 891 900 948 ligni
932 892 1113 949 quando
1144 891 1319 934 desinat
1341 921 1351 932 .

303 1009 349 1065 §.
388 1012 487 1067 193.
518 1009 697 1061 caulis,
720 1018 766 1052 et
788 1011 921 1062 rami,
942 1010 1054 1054 dum
1079 1010 1233 1053 adhuc
1255 1011 1421 1062 teneri,
1448 1012 1552 1053 sub-

244 1071 414 1112 stantia
443 1085 527 1113 sua
557 1070 680 1113 mole
712 1080 942 1129 augentur
961 1089 973 1123 ;
994 1081 1042 1114 at
1064 1103 1076 1123 ,
1123 1071 1250 1130 ligno
1289 1086 1451 1113 eorum
1483 1073 1553 1112 in-

243 1129 412 1172 durato
436 1163 449 1181 ,
501 1146 634 1173 omne
683 1130 952 1188 hujusmodi
1002 1140 1302 1190 augmentum
1353 1131 1549 1172 desinit.

242 1189 487 1232 Hamelius
518 1191 567 1232 id
598 1194 870 1233 monstravit
888 1224 900 1242 ‚
923 1193 1116 1234 ramulis
1148 1194 1315 1234 teneris
1340 1194 1468 1249 signo
1492 1191 1551 1232 ad

246 1249 445 1305 aequalia
476 1250 722 1293 intervalla
760 1253 928 1294 notatis
952 1284 964 1302 ‚
1017 1267 1218 1309 quorum
1262 1251 1550 1293 ramulorum

243 1311 327 1366 qui
363 1313 654 1368 superiores,
686 1319 732 1352 et
762 1312 968 1368 juniores
1011 1313 1216 1362 diutius,
1261 1320 1307 1352 et
1351 1310 1550 1369 longiori

242 1376 397 1410 tractu
449 1378 696 1412 creverunt
719 1401 730 1421 ‚
787 1380 947 1413 contra
977 1375 1058 1430 qui
1092 1371 1360 1422 inferiores,
1404 1380 1450 1412 et
1481 1386 1550 1413 se-

241 1430 394 1470 niores
421 1461 431 1471 .
478 1430 594 1471 Item
650 1432 873 1482 ostendit,
905 1431 1084 1489 lignum
1129 1433 1310 1474 arboris
1350 1432 1444 1486 jam
1473 1446 1560 1471 an*

242 1496 316 1528 tea
339 1503 546 1530 mensum
571 1521 582 1540 ,
631 1489 756 1547 ligno
810 1494 1156 1547 superveniente
1207 1505 1297 1531 non
1356 1505 1550 1547 compu-

247 1556 341 1590 tato
367 1582 378 1600 ,
431 1549 638 1604 ejusdem
670 1548 805 1591 molis
860 1559 1083 1607 perpetuo
1118 1551 1550 1608 perstitisse3cum-

241 1623 334 1665 que
387 1611 556 1651 seniori
601 1611 765 1651 cortici
816 1612 996 1667 signum
1042 1613 1339 1667 apposuerit,
1388 1610 1547 1652 hocin

237 1675 477 1726 posterum
528 1685 706 1728 semper
738 1673 911 1729 reperit
962 1671 1123 1714 eodem
1144 1670 1247 1714 loco
1265 1702 1278 1721 ,
1298 1670 1546 1729 eademque

234 1744 261 1771 a
291 1727 389 1773 solo
417 1730 632 1774 distantia
655 1763 666 1774 .

323 1848 464 1895 Ratio
483 1854 597 1896 inter
619 1851 821 1894 duritiem
853 1852 981 1909 ligni,
1014 1860 1058 1894 et
1079 1865 1256 1895 saccum
1283 1885 1293 1895 .
1333 1851 1459 1897 Vitia

650 1927 707 1955 ex
736 1925 869 1956 succo
904 1915 1088 1971 copioso
1116 1946 1127 1957 .

296 2030 342 2086 §.
381 2034 476 2089 194.
510 2031 672 2091 Itaque
699 2065 710 2083 ‚
743 2034 842 2091 ipso
874 2032 1060 2075 Halesio
1092 2035 1365 2076 observante
1391 2066 1401 2084 ,
1455 2033 1543 2075 du—

243 2092 367 2133 rities
401 2092 514 2151 ligni
542 2095 767 2135 inversam
800 2096 1010 2152 sequitur
1038 2098 1261 2137 rationem
1282 2096 1421 2152 copiae
1447 2109 1546 2136 suc-

240 2153 281 2191 ci
303 2183 313 2201 ,
367 2161 663 2210 augmentum
708 2168 817 2196 vero
877 2155 979 2209 ejus
1027 2157 1251 2198 inversam
1323 2156 1545 2197 rationem

244 2213 368 2251 succi
398 2212 649 2256 deficientis
670 2217 918 2258 comitatur
943 2232 954 2265 3
980 2231 1036 2256 ex
1061 2230 1156 2274 quo
1178 2217 1388 2266 arbores,
1413 2214 1545 2271 plan-

243 2277 385 2327 taeque
416 2287 570 2314 omnes
617 2277 950 2319 contractiores
984 2277 1030 2317 in
1076 2278 1198 2319 sicco
1223 2310 1234 2328 ,
1281 2275 1544 2335 grandiores

244 2333 292 2371 in
323 2329 527 2374 humenti
561 2333 683 2375 solo.
