1669 2563
195 184 253 240 46

134 297 276 332 strata
305 290 538 348 supposita
566 289 657 345 jam
687 285 887 345 perfecta
917 288 1034 337 sint,
1067 292 1112 327 et
1140 285 1187 326 in
1234 283 1415 326 destru-

134 352 330 391 ctionem
361 357 547 407 vergant
566 382 574 391 .
602 348 788 390 Veteres
820 363 876 389 ex
913 345 1107 388 mollitie
1152 345 1416 386 habuerunt

135 424 218 468 pro
249 411 380 467 adipe
411 408 689 467 vegetabili.

195 470 237 525 ς.
275 471 368 512 155.
401 470 551 511 Strata
586 483 796 509 vasorum
819 466 1206 524 lymphaticorum
1226 497 1236 515 ,
1262 463 1419 505 albur-

135 543 193 570 no
226 531 458 587 supposita
488 528 602 570 fiunt
633 544 687 569 ex
720 527 935 585 pluribus
966 527 1191 567 ductuum
1223 525 1416 574 retibus,

135 604 324 630 numero
344 622 354 640 ‚
389 597 433 630 et
463 588 607 630 forma
629 591 767 630 variis
791 620 800 629 .
834 586 943 627 Rete
964 619 974 637 ‚
1007 600 1098 642 quo
1130 587 1176 625 in
1197 584 1319 641 ligno
1344 599 1418 640 pe-

133 650 275 690 nitius
297 681 306 699 ,
340 664 391 689 eo
424 651 605 690 tenuius
633 681 643 698 ‚
676 657 719 689 et
753 647 944 703 rigidius
976 661 1030 686 ex
1058 646 1284 702 pressione
1317 652 1397 684 est.

195 708 238 763 ς.
276 708 370 750 156.
402 709 524 750 Inter
557 708 637 749 hos
670 707 863 763 lymphae
895 706 1062 746 ductus
1095 719 1198 745 vasa
1231 705 1417 760 propria

136 783 377 809 excurrere
397 801 406 818 ‚
439 771 493 809 iis
517 801 526 818 ,
559 783 654 824 quae
676 768 847 824 degunt
878 768 923 806 in
955 767 1120 806 cortice
1143 797 1153 814 ,
1190 765 1414 812 tenuiora,

138 828 393 868 docuerunt
425 828 627 869 Grewius
652 860 662 878 ,
697 836 740 868 et
773 825 1051 883 Malpighius
1075 857 1084 865 .
1117 825 1325 864 Attamen
1350 822 1419 862 al·-

136 896 290 928 ternus
335 903 547 929 vasorum
599 887 1014 944 lymphaticorum‚
1066 892 1110 924 et
1155 893 1421 939 receptacu-

134 946 286 988 lorum
317 947 655 988 resiniferorum
689 947 828 996 ordo,
878 960 1012 1001 quem
1063 943 1296 984 Hamelius
1344 943 1420 983 ob-

135 1008 333 1049 servavit
380 1010 427 1049 in
458 1007 609 1057 Pina,
643 1006 775 1063 longe
815 1006 943 1047 abest
975 1019 1001 1045 a
1031 1005 1262 1044 communi
1306 1002 1420 1059 ligni

137 1075 372 1108 structura
397 1099 408 1109 .

398 1185 582 1229 Canalis
610 1184 863 1227 medullaris
886 1215 895 1225 .
925 1182 1135 1225 Medulla
1158 1213 1167 1223 .

194 1364 239 1420 ξ.
277 1365 371 1421 157.
405 1363 589 1408 Canalis
620 1362 889 1406 medullaris
936 1362 1020 1404 sub
1066 1362 1216 1402 stratis
1260 1359 1423 1416 ligneis

136 1424 395 1476 delitescit,
433 1434 476 1467 et
521 1425 723 1482 ligneum
769 1438 935 1480 corpus
981 1422 1212 1478 adauget.
1245 1421 1319 1461 Fit
1364 1434 1420 1460 ex

132 1487 248 1526 vasis
281 1485 588 1526 trachealibus
621 1485 982 1541 superimpositis
1002 1514 1012 1531 ,
1046 1495 1234 1522 numero
1267 1481 1420 1527 variis;

134 1559 226 1601 qua
258 1545 311 1585 de
345 1561 390 1585 re
421 1559 540 1584 nunc
573 1548 764 1584 crassior
785 1575 795 1592 ‚
831 1556 951 1582 nunc
987 1544 1164 1581 tenuior
1190 1572 1198 1581 .
1246 1540 1297 1580 In
1342 1554 1423 1578 ex-

133 1606 290 1645 teriori
321 1605 419 1659 ejus
453 1611 578 1660 parte
609 1602 915 1659 conspiciendi
950 1616 992 1641 se
1026 1616 1068 1641 se
1104 1601 1302 1657 praebent
1348 1607 1423 1638 tu-

133 1664 182 1706 bi
215 1666 336 1721 poris
369 1665 574 1721 pertusi,
611 1666 701 1704 sive
738 1671 828 1703 tota
859 1661 1145 1717 longitudine
1170 1675 1249 1700 sua
1280 1673 1424 1715 aequa-

135 1723 200 1765 les
225 1756 235 1774 ,
270 1726 361 1765 sive
391 1722 831 1780 strangulationibus
862 1723 1129 1769 constricti3
1163 1720 1232 1761 his
1265 1733 1424 1760 succe-

137 1783 253 1824 dunt
295 1783 413 1824 falsae
461 1783 682 1833 tracheae,
730 1783 814 1823 sub
861 1782 1030 1838 quibus
1076 1780 1300 1837 simplex,
1348 1778 1421 1820 vel

137 1842 309 1900 duplex
343 1843 629 1884 trachearum
663 1842 771 1883 ordo
793 1841 1042 1882 medullam
1064 1839 1309 1881 centralem
1333 1853 1423 1878 am-

137 1903 208 1944 bit
231 1936 240 1944 .
273 1903 396 1944 Ordo
428 1905 509 1944 iste
554 1917 722 1944 coronae
757 1905 935 1943 nomine
979 1903 1036 1942 ab
1069 1899 1212 1941 Hillio
1237 1932 1247 1950 ‚
1282 1902 1424 1939 circa-

138 1965 255 2019 lique
284 1964 434 2004 vitalis
477 1964 534 2004 ab
589 1961 848 2004 Ibbetsonia
878 1963 1120 2018 insignitus
1146 1992 1154 2002 .
1191 1960 1308 2002 Sunt
1337 1961 1423 2000 eti-

138 2039 210 2065 am
234 2055 244 2073 ‚
278 2025 357 2080 qui
391 2023 590 2064 dixerint
619 2025 827 2078 vaginam
858 2023 1162 2063 medullarem.

197 2083 239 2138 §.
279 2084 372 2124 158.
405 2083 614 2124 Formam
645 2082 814 2123 canalis
864 2081 1130 2122 medullaris
1161 2095 1186 2121 a
1218 2081 1308 2120 situ
1356 2077 1421 2119 fo-

138 2143 308 2185 llorum
340 2143 531 2199 pendere
585 2145 841 2184 autumavit
884 2141 1145 2182 Pallisotius
1185 2140 1251 2181 De
1284 2139 1425 2180 Beau-

138 2206 235 2246 vois
255 2236 265 2254 ,
299 2202 473 2244 scilicet
505 2202 746 2260 oblongam
774 2202 962 2244 evadere
994 2217 1019 2242 a
1039 2200 1162 2243 foliis
1187 2201 1420 2257 oppositis,

139 2271 193 2305 ut
221 2264 268 2304 in
297 2263 525 2315 Fraxiszo,
558 2265 825 2321 triquetram
857 2278 881 2303 a
911 2261 1034 2303 foliis
1078 2263 1237 2311 ternis,
1280 2267 1330 2298 ut
1376 2261 1423 2299 in

141 2322 284 2369 Nerio
307 2355 319 2375 ,
368 2332 667 2383 pentagonam
715 2338 743 2367 a
784 2321 908 2366 foliis
959 2323 1111 2380 quinis
1155 2323 1201 2362 in
1254 2321 1422 2378 spiram
