1669 2563
171 164 228 216 44

173 266 217 321 §.
254 264 348 319 145.
382 264 477 308 Sub
508 264 722 308 cellulari
756 265 938 306 corticis
961 271 1100 306 strato
1128 262 1306 305 ordines
1327 279 1400 306 va-

115 341 268 368 sorum
297 325 682 383 lymphaticorum
722 324 865 366 forma
901 327 1038 376 retis,
1071 334 1115 365 et
1157 339 1262 365 vasa
1298 339 1400 381 pro-

115 388 230 442 pria,
246 388 291 426 in
314 386 500 427 diversis
526 385 692 443 plantis
724 385 896 426 diverse
920 388 1004 426 sita
1025 418 1035 435 ,
1068 385 1238 441 quibus
1260 387 1402 425 omni-

116 447 203 488 bus
233 447 497 501 interjectus
529 444 763 487 cellularis
795 453 978 495 textus,
1024 447 1103 502 qui
1151 445 1207 485 ab
1256 453 1403 485 exter-

115 508 184 547 nis
216 506 270 546 ad
301 508 526 563 penitiora
557 507 738 546 corticis
769 507 984 561 pertingit
1015 521 1092 561 per
1134 506 1297 545 retium
1330 504 1405 544 lu-

118 569 268 608 mina.
301 566 506 618 Quodvis
540 574 631 607 rete
663 563 712 605 fit
742 579 796 604 ex
840 563 993 615 fibris,
1027 580 1121 621 quae
1172 567 1405 621 inceptum

119 627 206 667 iter
231 625 537 683 relinquentes
568 625 623 666 ad
657 624 769 665 alias
800 622 934 665 fibras
965 624 1218 674 accedunt,
1259 633 1301 665 et
1332 624 1406 666 vel

119 685 193 726 hic
226 686 437 727 desinunt
456 683 561 736 ‚wel
592 688 759 726 iterum
782 682 1084 743 deflectuntur
1104 717 1114 734 ,
1138 692 1191 723 ut
1211 685 1265 724 ad
1290 687 1409 741 prio-

119 761 214 786 rem
248 749 452 787 semitam
485 744 698 795 redeant,
732 752 813 784 aut
848 759 952 785 cum
984 744 1084 785 aliis
1129 742 1254 785 fibris
1300 759 1410 785 con-

121 807 378 847 socientur.
411 805 725 846 Reticulatum
758 818 870 860 opus
890 836 900 854 ,
933 804 1056 861 quod
1088 804 1192 844 binc
1226 807 1371 845 oritur
1397 837 1408 854 ,

121 864 377 923 plurimum
397 867 545 907 variat
564 897 574 915 ,
610 863 801 905 subinde
828 863 1211 920 elegantissimum
1230 897 1238 905 .
1266 865 1411 905 Mace-

122 927 238 966 ratio
259 959 269 977 ,
301 924 517 967 cellulari
550 932 680 965 textu
713 923 944 964 destructo
964 956 974 973 ‚
1009 925 1123 964 retia
1155 923 1243 964 haec
1285 933 1412 980 patc-

120 984 262 1035 facit3
313 985 525 1042 idemque
577 984 808 1024 obtinetur
828 1015 839 1032 ‚
891 982 1103 1023 cellulari
1159 984 1412 1025 substantia

122 1044 289 1102 scalpri
321 1059 403 1102 ope
423 1077 434 1094 ‚
467 1052 708 1101 postquam
740 1041 1010 1092 bulliverit,
1044 1043 1246 1096 sejuncta
1266 1075 1275 1084 .

186 1105 230 1160 §.
261 1105 355 1158 146.
382 1105 632 1146 Intertexta
659 1105 769 1144 retis
792 1104 981 1142 stamina
999 1135 1009 1152 ‚
1037 1118 1131 1159 quae
1152 1104 1288 1143 nudis
1310 1118 1414 1144 ocu-

124 1162 182 1206 lis
214 1164 439 1221 simplicia
468 1163 711 1212 videntur,
744 1163 862 1203 vitro
910 1171 1102 1218 augente
1135 1178 1157 1202 e
1190 1161 1413 1204 fasciculo

123 1226 387 1265 tenuiorum
418 1238 630 1265 vasorum
661 1220 856 1262 formata
879 1221 1153 1277 deteguntur
1173 1253 1182 1262 .
1215 1223 1275 1263 At
1305 1237 1417 1279 quo-

123 1298 270 1339 usque
302 1287 439 1324 unius
471 1283 762 1338 ejusdemque
795 1279 913 1321 fibrae
945 1281 1107 1322 divisio
1153 1286 1381 1339 pertingat
1406 1315 1416 1331 ,

124 1342 285 1384 nullus
317 1344 557 1399 hucusque
590 1342 911 1382 determinavit
935 1373 947 1391 ,
979 1356 1033 1381 ne
1060 1341 1295 1382 Hamelius
1320 1344 1420 1399 qui-

125 1402 251 1454 dem,
279 1405 359 1460 qui
392 1401 651 1460 periculum
676 1401 731 1441 ad
758 1416 850 1442 rem
876 1402 1164 1458 aperiendam
1189 1404 1389 1443 instituit
1408 1436 1417 1444 .

186 1463 230 1518 §.
271 1467 365 1519 147.
398 1463 601 1514 Quodvis
634 1470 726 1502 rete
758 1460 837 1501 alii
872 1462 957 1501 reti
996 1463 1416 1518 superimponitur,

126 1531 267 1579 prout
297 1524 557 1563 tunicarum
589 1535 711 1576 caepae
743 1528 839 1569 est3
872 1530 918 1561 at·
948 1536 1043 1576 quae
1076 1523 1189 1562 retia
1222 1524 1419 1578 penitio-

129 1597 180 1622 ra
212 1590 344 1633 sunt,
377 1581 633 1622 minoribus
666 1581 782 1620 areis
815 1582 977 1621 sensim
998 1612 1009 1630 ,
1049 1583 1303 1638 sensimque
1349 1585 1421 1622 in-

134 1649 307 1682 structa
328 1675 340 1692 ‚
365 1643 428 1682 ita
456 1649 605 1681 tamen
632 1648 685 1679 ut
706 1639 881 1695 aliquid
907 1639 1140 1682 cellularis
1164 1643 1419 1683 substantiae

132 1717 211 1759 per
237 1701 369 1743 hasce
395 1716 519 1742 areas
541 1716 712 1756 semper
741 1707 938 1741 transeat
963 1701 1018 1741 ad
1045 1702 1196 1744 radios
1229 1702 1421 1743 cellula-

132 1777 232 1811 res,
266 1777 380 1818 quos
412 1761 713 1801 indicavimus
738 1791 748 1809 ,
782 1758 1039 1802 formandos
1060 1794 1069 1803 .

193 1821 235 1875 §.
275 1823 368 1875 148.
402 1821 555 1877 Siquis
586 1835 691 1861 vero
725 1820 925 1876 postulet
947 1853 958 1871 ‚
1000 1837 1056 1862 an
1101 1837 1210 1863 areae
1257 1837 1421 1879 suppo-

135 1881 326 1922 sitorum
358 1883 524 1923 retium
558 1881 643 1921 sibi
676 1881 867 1921 invicem
899 1882 1228 1938 respondeant,
1255 1883 1300 1923 id
1323 1886 1423 1939 qui-

134 1940 236 1981 dem
260 1940 356 1982 fieri
383 1943 429 1981 in
459 1943 629 1982 cortice
667 1940 792 1982 Tiliae
837 1956 1045 1997 europoeoe
1090 1943 1422 1984 demonstravit

133 2000 401 2051 Hamelius3
434 2016 543 2041 num
576 2000 687 2057 quid
722 2000 898 2052 simile,
934 2011 1148 2059 tantoque
1188 2004 1343 2044 ordine
1382 2019 1424 2043 e-

135 2063 288 2102 veniat
320 2065 366 2102 in
398 2061 590 2118 reliquis
623 2063 909 2112 corticibus,
935 2064 1012 2102 vix
1045 2063 1271 2104 credimus
1292 2095 1301 2104 .

196 2121 239 2175 §.
279 2124 372 2177 149.
407 2122 639 2162 Numerus
672 2124 836 2163 retium
868 2138 923 2163 ex
967 2122 1163 2164 Hamelii
1210 2125 1424 2165 observa-

137 2181 339 2222 tionibus
371 2183 612 2238 quotannis
644 2190 837 2239 augetur
871 2184 917 2223 in
942 2185 1110 2225 cortice
1137 2186 1425 2240 perennantis

139 2243 321 2291 trunci,
353 2256 499 2299 neque
531 2251 680 2284 tamen
711 2258 929 2285 numerus
974 2258 1195 2285 annorum
1240 2246 1426 2285 corticis

141 2300 200 2343 ab
231 2300 353 2347 hisce
385 2303 561 2346 retibus
589 2302 828 2361 hucusque
860 2303 995 2346 licuit
1025 2305 1254 2347 divinare.
