1669 2563
263 166 319 204 82

201 266 408 309 aluminae
458 273 637 325 partes,
670 273 760 310 tres
793 266 932 310 silicis
955 300 966 319 ‚
999 267 1113 310 (luas
1142 266 1312 320 calcis,
1362 284 1500 313 unam

198 330 430 385 magnesiae
463 328 703 385 possideat,
737 343 852 385 opus
881 336 947 370 est
971 360 981 373 ,
1008 329 1120 371 Item
1145 329 1496 385 vegetabilium,

201 396 247 429 et
278 387 544 431 animalium
574 402 836 445 compages,
868 403 975 429 eum
1005 397 1149 431 morte
1196 389 1463 431 dissolvitur
1487 423 1501 442 ,

200 456 327 489 terrae
348 446 631 493 fertilitatem
647 462 931 506 summopere
953 448 1148 506 adauget
1166 481 1175 490 .
1198 449 1351 502 Quare
1374 464 1499 506 ager,

198 510 279 564 qui
310 506 507 551 fluminis
531 507 702 549 alluvie
722 540 732 558 ‚
765 516 811 549 et
848 508 1226 550 inundationibus
1263 510 1500 566 obtegitur

196 567 269 608 vel
289 569 337 608 i11
359 583 451 625 quo
474 567 651 616 Secale,
677 568 823 620 Via-ia,
843 567 1069 624 Lupum&
1091 568 1361 625 Medicago,
1395 569 1501 610 Tri·-

183 627 369 684 folium,
391 627 659 669 animalium
680 628 848 679 sordes,
902 636 1142 686 postquam
1185 628 1502 670 fermentatio-

196 703 299 729 nem
324 687 569 745 quamdam
598 702 733 745 passae
764 696 870 730 sunt
891 721 906 739 ,
955 688 1256 747 sepeliuntur,
1309 691 1502 734 commi-

197 755 380 789 scentur
400 780 411 798 ,
439 749 642 788 omnium
667 746 973 790 feracissimus
991 781 1002 792 .

254 807 298 863 §.
333 808 432 862 269.
464 808 673 866 Denique
705 823 796 849 non
827 810 974 849 omnis
1022 807 1228 853 alimenti
1284 806 1455 849 solutio
1481 840 1495 860 ‚

195 881 293 923 quae
322 866 373 907 fit
392 862 449 908 'in
479 882 598 925 aqua
621 900 633 919 ,
663 883 720 909 ex
751 867 969 925 periculis
1000 867 1257 920 Bertrandi,
1278 875 1324 909 et
1355 867 1499 909 Saus-

197 929 312 967 surii
332 928 613 973 nutrimento
657 926 921 983 plantarum
959 935 1219 984 opportuna
1240 960 1250 970 .
1274 927 1394 969 Nam
1415 929 1497 984 qui

193 984 350 1043 liquor
379 1002 436 1028 ex
467 985 629 1028 solutis
653 987 915 1028 substantiis
944 986 1204 1032 lutulentus
1223 1020 1233 1038 ,
1255 995 1336 1028 aut
1360 995 1496 1029 tenax

194 1055 262 1087 est
288 1079 298 1096 ,
329 1053 489 1096 nocet,
519 1054 564 1087 et
592 1045 803 1101 chymica,
832 1048 989 1087 stricto
1036 1061 1169 1088 sensu
1201 1046 1370 1088 solutio
1405 1062 1495 1105 prae

195 1107 364 1148 caeteris
394 1104 556 1147 melior
589 1137 600 1147 .

303 1223 576 1270 Alimentum
604 1226 723 1276 vitae,
745 1233 789 1268 et
822 1226 951 1267 morti
973 1225 1239 1282 plantarum
1269 1237 1392 1283 aeque

708 1288 934 1344 prospicit
953 1316 965 1329 .

250 1403 296 1460 §.
327 1418 427 1461 2⁷70,
458 1403 742 1449 Alimentum
772 1404 858 1447 hoc
889 1412 1023 1462 pacto
1053 1412 1184 1447 extra
1212 1403 1392 1463 plantas
1419 1421 1498 1463 pa..

196 1474 365 1515 ratum,
398 1468 477 1507 vix
509 1481 560 1507 ac
591 1482 647 1507 ne
677 1467 756 1507 vix
788 1466 975 1523 quidem
1006 1464 1115 1507 illas
1146 1466 1290 1517 subit,
1322 1466 1493 1508 eisdem

194 1524 451 1581 opitulatur
472 1557 482 1575 ,
511 1533 558 1566 et
587 1527 729 1569 vitam
759 1526 951 1566 sustinet
969 1556 980 1566 .
1011 1525 1072 1564 At
1093 1539 1292 1581 quonam
1328 1527 1492 1566 miser-

192 1586 308 1625 rimo
334 1583 426 1625 fato
458 1584 544 1625 hoc
573 1584 695 1625 idem
721 1616 734 1634 ,
767 1583 877 1626 dum
908 1585 1107 1641 primum
1151 1583 1329 1641 plantas
1370 1587 1493 1626 exci-.

191 1651 260 1684 tat
279 1676 291 1694 ,¹
320 1652 365 1683 et
394 1642 593 1688 vivificat
611 1675 623 1694 ,
654 1651 848 1686 mortem
877 1658 1034 1685 earum
1066 1652 1196 1701 parat
1211 1647 1222 1690 l
1243 1645 1360 1696 Quia
1390 1646 1486 1701 ipse

192 1703 405 1745 stimulus
430 1735 441 1754 ‚
474 1705 556 1760 qui
587 1705 636 1744 in
664 1702 1032 1748 incitabilitatem
1064 1705 1158 1762 agit
1176 1736 1187 1753 ‚
1219 1703 1349 1745 illam
1375 1719 1490 1760 pau-A

192 1763 322 1803 latim
356 1763 513 1804 obruit
537 1796 549 1814 ‚
579 1771 625 1805 et
655 1764 838 1805 tandem
883 1763 1106 1806 destruit.
1161 1763 1232 1805 Ita
1281 1763 1488 1821 profecto

190 1832 292 1867 est.
346 1822 546 1869 Stimulo
589 1824 861 1881 corporibus
912 1824 1172 1866 viventibus
1220 1823 1442 1882 applicito
1472 1856 1485 1876 ‚

191 1885 285 1924 vita
310 1915 321 1933 ‚
353 1891 398 1924 et
427 1898 551 1925 mors
582 1898 706 1941 aeque
734 1886 917 1941 incepta
935 1915 946 1926 .

327 2001 561 2060 Ingressus
591 2003 788 2048 alimenti
810 2035 819 2045 .
867 2002 1060 2060 Chymus
1079 2035 1092 2056 ‚
1120 2011 1164 2047 et
1189 2001 1345 2061 chylus

689 2065 953 2122 plantarum
968 2095 979 2107 .

249 2181 295 2238 §.
328 2196 427 2239 271.
460 2181 636 2227 succus
666 2198 774 2226 cum
806 2183 1006 2227 radicem
1037 2184 1231 2230 subierit
1257 2215 1269 2234 ,
1296 2181 1485 2226 defaeca-

193 2249 262 2283 tos
304 2241 507 2299 liquores
550 2243 775 2296 offendit,
821 2245 1101 2301 quibuscum
1143 2246 1362 2286 miscetur
1388 2277 1400 2295 ‚
1428 2251 1483 2285 ut

191 2304 288 2359 ipse
321 2318 506 2362 quoque
536 2303 742 2347 defaecari
786 2305 1003 2363 incipiat.
1055 2305 1154 2347 Haec
1187 2305 1279 2347 dici
1331 2310 1481 2363 potest
