1669 2563
216 174 274 218 90

156 265 496 323 Ingenhouzius
518 298 531 318 ‚
581 274 626 309 et
681 265 1005 311 Sennebierius
1052 267 1268 321 viderint,
1300 284 1450 314 aerem

155 325 396 379 clausum,
428 335 473 368 et
502 340 738 385 nunquam
787 338 1057 371 renovatum
1076 362 1087 379 ‚
1138 331 1186 370 in
1219 344 1312 387 quo
1344 347 1450 373 sue-

154 401 264 428 eosae
323 387 485 445 plantae
533 387 785 446 degebant,
837 405 894 430 ex
940 391 1287 447 superveniente
1345 406 1450 433 aere

156 451 381 504 exygenio
413 449 645 505 puriorem
675 447 803 500 fieri,
850 457 948 491 tum
979 450 1174 507 denique
1201 452 1310 507 quia
1329 482 1340 501 ,
1368 451 1452 493 Sua

154 510 296 548 cowio
321 541 332 559 ‚
367 516 412 550 et
440 508 741 550 Humboldtio
771 511 1061 551 monentibus
1086 536 1096 560 5
1131 518 1236 551 sunt
1280 509 1409 568 fungi
1439 544 1450 562 ,

153 569 234 623 qui
258 582 364 610 cum
393 568 726 626 hydrogenium
746 585 895 610 aerem
922 573 1154 622 emittant,
1189 571 1450 623 ostendunt,

156 642 322 684 aquam
366 644 521 686 reapse
552 645 579 670 a
611 629 780 686 plantis
812 629 999 672 dissolvi
1024 663 1034 672 .
1294 679 1305 684 ,

210 687 253 742 §.
287 689 387 730 288.
417 690 596 741 Quibus
626 690 836 732 omnihus
868 692 1099 748 responsio
1132 688 1309 731 facilis.
1342 690 1451 732 Ber-

153 745 337 788 tholleti
375 751 594 790 sententia
622 750 1003 792 demonstratione
1025 759 1178 800 earet;
1202 752 1345 807 igitur
1372 752 1454 806 hy-

150 807 352 863 pothesis
383 817 560 850 tantum
591 817 673 860 est,
702 825 797 867 quae
823 812 1078 852 rationibus
1108 812 1451 868 insequentibus

150 865 429 911 infirmatur.
463 870 674 920 Semina,
709 880 815 912 eum
844 873 964 911 intra
1013 886 1178 927 aquam
1231 873 1453 927 germina-

151 929 333 978 verint,
366 928 440 970 vel
471 929 519 970 id
552 942 635 985 ope
668 932 817 980 aeris,
850 931 931 985 qui
963 944 1199 986 nunquam
1249 930 1374 972 deest
1405 934 1453 972 in

149 1001 269 1043 aqua
296 1019 308 1038 ,
341 997 633 1046 peregerunt,
666 987 740 1029 vel
775 990 930 1045 potius
960 988 1122 1030 falsam
1155 993 1452 1046 germinatio-

149 1048 220 1086 nis
251 1050 474 1104 speoiem,
508 1048 562 1089 de
587 1062 679 1105 qua
711 1046 825 1089 alias
857 1048 1095 1099 diximus,
1129 1051 1449 1105 praebuerunt.

149 1104 221 1146 Ex
255 1107 553 1164 Ingenhouzii
572 1140 583 1158 ,
608 1116 652 1149 et
681 1106 991 1164 Spallanzanii
1028 1108 1248 1164 perieulis
1289 1126 1454 1166 parum

148 1175 362 1208 accurate
394 1169 617 1209 institutis
647 1166 765 1208 nihil
796 1169 909 1209 certi
942 1182 1183 1224 possumus
1229 1169 1414 1211 haurire
1440 1203 1453 1222 ,

149 1240 256 1266 011111
281 1225 535 1268 nullimode
556 1235 729 1268 constet
760 1227 815 1268 de
848 1230 1050 1284 puritate
1083 1231 1199 1270 aeris
1227 1229 1452 1281 adhibiti,

146 1300 230 1327 nee
263 1285 318 1327 de
349 1287 482 1327 vitali
505 1286 769 1344 plantarum
799 1288 845 1329 vi
874 1319 885 1338 ‚
917 1289 981 1328 ita
1011 1295 1065 1328 ut
1085 1304 1161 1330 aer
1203 1293 1457 1347 oxygenius

146 1346 195 1385 in
225 1344 347 1388 hisce
377 1346 591 1389 evolutus
620 1355 701 1388 aut
731 1364 787 1389 ex
818 1347 1117 1390 dissolutione
1163 1353 1279 1391 aeris
1333 1351 1454 1393 acidi

147 1406 380 1449 carboniei
440 1409 778 1450 circumstantis
808 1441 820 1459 ‚
881 1407 955 1450 vel
1008 1410 1056 1448 in
1110 1411 1219 1467 ipsis
1286 1409 1455 1467 plantis

146 1469 345 1507 suecosis
376 1467 699 1519 delitescentis,
727 1471 762 1510 si
790 1467 949 1526 planta
977 1470 1149 1525 vigens,
1176 1477 1258 1510 aut
1284 1486 1341 1510 ex
1367 1472 1456 1512 dis-

146 1525 374 1568 solutione
395 1529 548 1584 *ipsius
580 1527 741 1584 plantae
765 1560 776 1579 ,
814 1529 849 1568 si
881 1535 1115 1585 aegrotans,
1148 1528 1222 1571 vel
1249 1538 1450 1582 mortua,

146 1585 381 1641 profectus
414 1589 497 1628 sit.
531 1587 739 1643 Denique
773 1586 906 1644 fungi
946 1602 1054 1630 011111
1110 1587 1247 1630 facile
1299 1598 1455 1646 putre·-

148 1653 274 1686 scant
301 1678 312 1696 ‚
339 1649 507 1687 mirum
539 1661 630 1688 non
662 1655 757 1698 est,
786 1649 822 1689 si
857 1663 914 1689 ex
950 1662 1112 1690 eorum
1147 1648 1454 1693 dissolutione

148 1704 461 1762 hydrogenius
491 1722 566 1748 aer
590 1706 765 1748 oriatur
793 1740 805 1758 ‚
841 1715 886 1748 et
916 1707 1070 1749 avolet
1094 1741 1106 1750 .

207 1765 251 1820 ς.
284 1767 384 1822 289.
408 1767 677 1809 Saussurius
702 1776 916 1824 praeterea
939 1782 1116 1809 omnem
1163 1767 1291 1810 litem
1327 1770 1452 1812 dire-

145 1826 230 1864 mit
257 1857 267 1867 .
315 1826 435 1867 Nam
466 1841 572 1867 011111
603 1828 650 1868 in
683 1828 964 1884 quibusdam
1015 1828 1312 1886 Lysimachiis
1366 1847 1453 1872 au-

146 1891 273 1925 ctum
302 1888 349 1926 in
369 1889 651 1944 vegetatione
675 1888 852 1944 pondus
877 1889 1019 1945 probe
1041 1891 1343 1947 cognovisset,
1372 1893 1452 1934 ob·-

148 1953 313 1997 servat‚
344 1946 390 1986 id
420 1948 478 1988 ab
503 1947 769 2004 hydrogeno
795 1963 935 2005 aquae,
968 1964 1064 2006 quae
1087 1953 1361 2007 vegetationi
1384 1954 1450 1993 in-

147 2008 286 2047 servit
306 2039 317 2057 ,
349 2008 396 2047 in
427 2008 588 2049 iisdem
644 2006 792 2048 defixo
837 2010 948 2049 oriri
999 2024 1090 2051 non
1143 2025 1289 2067 posse,
1340 2026 1448 2054 cum

146 2072 269 2107 tanta
320 2081 409 2107 non
466 2066 609 2109 fuerit
655 2070 772 2109 aeris
824 2071 1042 2125 oxygenii
1086 2071 1134 2110 in
1187 2070 1273 2111 hoc
1328 2076 1451 2129 peri-

145 2125 253 2167 culo
285 2125 489 2169 evolutio
509 2161 520 2179 ‚
554 2135 725 2185 quanta
756 2141 849 2170 esse
882 2129 1116 2172 debuisset
1138 2163 1150 2180 ‚
1174 2132 1208 2171 si
1240 2147 1316 2172 aer
1345 2132 1449 2174 hic-

145 2200 196 2226 ce
227 2187 285 2228 ab
316 2187 613 2229 dissolutione
633 2203 757 2245 aquae
790 2190 987 2230 oriretur
1012 2223 1023 2241 ,
1049 2205 1146 2247 quae
1179 2190 1450 2251 hydrogeno

146 2260 228 2288 suo
257 2246 306 2291 id
336 2248 549 2306 ponderis
579 2247 872 2306 Lysimaclziis
897 2258 1203 2309 comparasset
1229 2285 1239 2295 .
