1669 2563
1318 98 1395 153 189

225 209 447 264 Contigua
474 240 484 256 ‚
518 203 741 246 lateribus
773 202 866 241 suis
891 232 900 241 .

229 270 469 311 Imm-[cata
490 297 506 317 ,
543 264 765 304 lateribus
801 260 1165 316 sul-›erimpositis
1192 292 1200 301 .

227 329 519 371 Conniventia
550 322 760 379 apicibus
777 353 786 360 .

227 389 454 444 AEqzuzlisz,
487 382 724 437 inceqzcalia
744 412 754 429 ‚
789 381 954 420 alterne
983 379 1221 434 inaeqzcalc'a.
1247 411 1255 427 ,
1279 378 1435 433 glabra
1459 413 1467 427 ‚

169 450 329 491 villosa
358 479 370 498 ,
395 443 634 487 vocabulis
666 442 780 482 bene
813 441 958 481 notis.

709 559 889 602 Corolla
908 591 918 600 .

228 683 273 739 ξ.
307 681 378 725 36.
400 680 607 732 Corolla,
629 694 726 737 quae
748 678 1019 737 plerumque
1047 685 1115 718 est
1139 692 1243 734 pars
1269 675 1473 734 pulchri-

172 759 222 785 or
243 742 385 792 floris,
415 744 714 798 distinguitur
739 757 747 781 :
790 738 844 780 1⁰.
880 737 1041 796 petalis
1064 754 1072 779 :
1108 738 1169 779 2⁰.
1195 736 1338 793 figura
1362 754 1370 777 :
1412 738 1473 779 3¹².

171 804 429 861 aequalitate
458 835 469 852 ,
503 803 704 858 margine
723 833 734 850 ‚
768 800 1060 856 proportione
1088 814 1096 838 :
1130 796 1192 851 4⁰.
1228 798 1329 838 loco
1349 830 1360 848 ‚
1390 798 1479 837 dn-

175 867 348 905 ratione
373 895 382 904 .
417 863 626 903 Petalam
656 869 723 901 est
754 859 923 900 lamina
955 866 1007 899 ut
1054 857 1307 915 plurimum
1357 857 1480 898 eolo-

175 932 296 974 rata,
329 922 550 964 corollam
581 924 737 962 sistens
757 952 767 970 ,
800 919 924 977 quod
955 933 1060 960 cum
1082 919 1288 967 unicum,
1313 919 1479 959 corolla

171 983 456 1039 monopetala
486 982 699 1030 habetur,
736 994 841 1021 cum
875 978 1030 1035 plura,
1053 979 1218 1019 corolla
1244 979 1482 1034 polypetcz-

171 1047 232 1086 la.
258 1044 309 1084 In
340 1042 516 1084 corolla
547 1039 836 1097 monopetala
862 1047 951 1080 tres
983 1047 1282 1079 numerantur
1317 1046 1478 1094 partes:

239 1103 395 1144 Tabas
422 1136 432 1153 ‚
466 1105 556 1143 sive
589 1116 692 1159 pars
722 1099 911 1142 inferior
948 1131 959 1150 ,
989 1097 1283 1155 receptaculo
1314 1096 1448 1140 affixa
1469 1131 1480 1149 ‚

173 1165 407 1220 angustior
428 1195 439 1213 ,

236 1223 374 1264 Faux
410 1255 421 1273 ,
456 1223 549 1264 sive
581 1227 800 1278 apertura
831 1219 1039 1276 superior
1072 1218 1175 1260 tubi
1204 1249 1216 1268 ‚
1261 1215 1486 1259 orificium

177 1284 278 1324 tubi
299 1315 310 1333 ‚

236 1342 418 1384 Limbus
445 1374 456 1392 ‚
497 1342 589 1382 sive
621 1354 725 1397 pars
765 1338 944 1395 reliqna
983 1335 1165 1378 corollae
1197 1351 1334 1393 supra
1383 1335 1488 1378 fau-

177 1417 273 1443 cem
312 1404 420 1453 sita,
453 1400 646 1442 dilatata
673 1432 683 1442 .
728 1399 967 1456 Segmenta
999 1397 1130 1439 limbi
1163 1405 1383 1438 vocantur
1416 1399 1487 1438 la-

177 1474 302 1503 cmzae
335 1493 345 1502 .

180 1522 232 1563 In
271 1520 447 1563 corolla
482 1517 747 1578 polypetala
799 1517 896 1559 duae
926 1524 1077 1574 partes
1108 1515 1334 1558 habentur
1365 1549 1375 1567 ,
1400 1518 1488 1557 sci-

176 1581 288 1623 licet

247 1641 422 1697 Unguis
441 1673 451 1691 ‚
487 1655 590 1697 pars
623 1638 812 1681 inferior
832 1671 843 1689 ,
867 1638 1103 1695 angustior
1124 1667 1141 1689 ,
1187 1651 1279 1694 qua
1338 1636 1488 1694 petala

180 1701 346 1743 haerent
370 1698 666 1758 receptaculo
692 1731 703 1749 ,

237 1764 426 1803 Lamina
458 1760 641 1817 reliqua
673 1773 778 1816 pars
811 1757 953 1815 petali
984 1790 995 1808 ,
1029 1755 1220 1797 dilatata
1246 1787 1256 1797 .

181 1820 232 1862 In
276 1821 464 1863 corollis
517 1819 795 1878 polypetalis
824 1851 835 1869 ‚
886 1833 1085 1875 quarum
1139 1831 1316 1874 ungues
1385 1823 1491 1857 sunt

183 1884 323 1922 erecti
361 1914 372 1932 ,
430 1882 578 1922 stricti
605 1913 616 1931 ‚
674 1881 841 1922 tubum
898 1880 1130 1919 imitantes
1158 1910 1169 1928 ,
1223 1884 1268 1917 et
1319 1875 1493 1917 laminae

186 1948 388 1997 patentes
411 1974 422 1991 ‚
475 1942 646 1982 dicitur
679 1939 805 1995 faux
838 1938 968 1979 limes
999 1939 1227 1994 unguium
1256 1968 1267 1986 ‚
1322 1946 1366 1977 et
1409 1939 1492 1976 ini-

184 2002 300 2042 tium
330 2000 630 2043 laminarum.
661 2000 773 2042 Tam
804 1998 981 2041 corolla
1013 1996 1319 2055 monopetala‚
1351 2012 1490 2054 quain

186 2059 449 2118 polypetala
477 2069 545 2103 est

246 2120 482 2175 Regularis
515 2152 528 2171 ‚
573 2134 681 2161 oum
728 2120 1002 2169 incisiones,
1061 2124 1145 2159 aut
1188 2115 1340 2174 petala
1389 2123 1494 2157 sunt

186 2179 376 2236 aequalia
407 2182 524 2221 inter
557 2194 601 2221 se
631 2212 642 2229 ‚
674 2178 748 2221 vel
780 2179 954 2220 alterne
1002 2177 1168 2219 similia
1187 2210 1199 2227 ‚
1252 2177 1494 2232 omniaque

189 2240 348 2281 ordine
381 2239 582 2298 regulari
614 2242 762 2296 posita
804 2241 925 2280 circa
954 2253 1087 2280 axem
1118 2250 1400 2279 communem
1419 2267 1430 2277 .
