1669 2563
245 178 301 233 64

178 286 227 325 in
257 293 377 326 terra
430 281 748 338 firmaverint,
793 283 1001 327 radicula
1046 282 1267 326 centralis
1311 287 1466 342 perit.

180 345 358 387 Interea
413 348 615 402 erumpit
673 362 727 386 ex
784 345 975 387 adverso
1033 344 1263 403 gemmula
1319 344 1467 387 forma

182 407 284 446 coni
314 438 325 456 ,
377 420 434 445 ex
486 404 702 463 pluribus
755 405 929 447 foliolis
978 406 1347 463 superimpositis
1397 404 1471 446 fa·-

180 473 277 515 cta,
309 480 507 523 quorum
539 469 744 508 exterius
784 464 1046 523 vaginulam
1090 466 1295 521 undique
1336 462 1469 506 clau-

183 540 278 566 sam
322 528 440 568 sistit
467 558 478 576 ,
510 528 586 567 cui
624 528 784 584 pileoli
828 541 989 567 nomen
1035 524 1145 566 fecit
1186 524 1430 567 Mirbelius
1458 557 1468 566 .

183 583 387 628 Pileolus
434 587 516 626 iste
555 618 567 636 ‚
621 589 702 643 qui
754 601 860 628 vera
908 584 1157 642 coleoptila
1205 592 1273 627 est
1310 617 1321 635 ‚
1371 583 1471 642 ple-

183 660 379 702 rumque
429 645 571 687 latere
622 647 815 689 dehiscit
841 679 853 696 ‚
900 654 953 687 ut
1009 644 1187 702 reliqua
1238 644 1470 702 gemmula

182 714 315 746 exeat
344 723 355 756 ;
389 720 499 762 saepe
533 707 669 748 etiam
700 722 815 765 apex
849 706 948 762 ejus
978 707 1099 747 intra
1131 706 1313 747 seminis
1344 707 1471 746 tuni-

181 779 258 806 cas
288 767 496 806 irretitus
526 775 727 808 remanet
756 799 767 818 ,
799 781 914 824 quas
945 781 1099 808 secum
1130 764 1287 807 vehit.

242 825 286 882 §.
320 825 418 867 216.
447 826 535 868 Sed
566 834 610 867 et
640 826 713 868 hic
745 841 930 884 quoqne
962 825 1086 867 ludit
1116 834 1302 874 natura,
1330 832 1469 881 prout

185 883 420 927 ludentem
451 885 651 929 vidimus
694 889 742 927 in
772 889 938 928 semine
983 885 1245 943 plantarum
1289 884 1471 939 dicoty—

182 942 498 987 ledonearum.
533 946 654 987 Nam
687 946 983 1002 cotyledones
1006 945 1122 986 duos
1152 947 1393 986 constituit
1422 947 1470 985 in

181 1003 396 1061 Cycadez's
424 1037 434 1054 ‚
469 1005 580 1046 dum
611 1008 731 1063 ipsas
778 1005 1066 1062 reliquarum
1098 1007 1300 1061 partium
1346 1012 1471 1046 stru-

184 1072 317 1106 ctura
348 1066 405 1106 ad
436 1065 897 1121 monocotyledoneas
929 1063 1108 1121 plantas
1133 1064 1361 1113 deduxit3
1394 1064 1469 1105 vel

183 1125 228 1164 in
261 1125 537 1180 quibusdam
567 1124 1018 1180 monocotyledoneis
1049 1122 1219 1180 plantis
1248 1123 1471 1180 appendi-

180 1182 336 1225 culam
367 1200 391 1226 e
422 1186 604 1242 regione
636 1184 922 1241 cotyledonis
953 1185 1133 1240 posuit,
1162 1191 1215 1224 ut
1245 1183 1360 1224 alias
1387 1183 1471 1224 do-

180 1245 362 1284 cuimus
388 1276 399 1294 ,
431 1259 528 1301 quae
553 1245 742 1301 quidem
772 1242 1083 1302 appendicula
1114 1242 1307 1285 alterius
1337 1250 1471 1298 coty-

183 1301 358 1345 ledonis
388 1306 530 1345 instar
562 1311 630 1345 est
658 1336 668 1346 .

243 1361 287 1418 §.
321 1377 422 1419 217.
454 1363 580 1405 Dum
612 1379 797 1421 germen
827 1362 914 1405 hoc
945 1378 991 1405 se
1024 1378 1069 1405 se
1098 1361 1272 1404 evolvit
1305 1394 1317 1413 ‚
1359 1361 1471 1404 sub-

184 1423 348 1464 stantia
378 1424 477 1479 ejus
527 1426 756 1481 penitior‚
787 1438 886 1480 quae
930 1431 1062 1465 antea
1106 1422 1223 1464 nihil
1270 1424 1470 1479 organici

187 1482 483 1534 ostendebat,
516 1483 764 1526 fasciculos
793 1498 1006 1525 vasorum
1051 1484 1171 1524 intra
1200 1481 1471 1523 cellularem

182 1542 485 1584 substantiam
530 1543 661 1584 nullo
708 1551 884 1584 servato
933 1543 1092 1583 ordine
1134 1541 1470 1598 pullulantium

184 1600 411 1659 praesefert
438 1634 450 1652 ,
483 1604 657 1659 quibus
683 1603 845 1644 deinde
877 1604 982 1644 novi
1015 1601 1097 1642 ali-i
1134 1600 1345 1643 fasciculi
1391 1617 1470 1642 su-

181 1662 498 1719 peradduntur
518 1694 529 1713 ,
563 1671 611 1703 at
642 1678 816 1719 semper
848 1664 942 1704 sine
969 1662 1127 1703 ordine
1151 1694 1163 1712 ,
1190 1671 1235 1703 et
1267 1663 1329 1702 ita
1355 1675 1470 1702 cun—-

179 1724 241 1762 cti
275 1730 497 1779 perpetuo
531 1730 764 1763 remanent
794 1755 803 1764 .
836 1722 942 1774 Quae
983 1738 1053 1764 res
1101 1736 1182 1762 nos
1230 1729 1355 1764 tutos
1400 1721 1469 1763 fa-

179 1784 243 1822 cit
274 1781 329 1823 de
361 1781 524 1840 plantae
555 1781 1001 1839 monocotyledoneae
1032 1791 1200 1824 natura
1229 1815 1240 1824 .

449 1899 687 1945 structura
704 1934 715 1952 ,
749 1911 792 1945 et
810 1900 965 1960 forma
994 1903 1136 1945 caulis
1156 1934 1165 1944 .

238 2021 283 2078 ξ.
320 2022 418 2064 218.
442 2021 589 2079 Igitur
621 2036 727 2064 cum
758 2022 946 2064 nullum
980 2023 1054 2064 hic
1085 2037 1273 2079 quoque
1304 2022 1464 2063 discri-

179 2097 282 2123 men
329 2083 581 2124 intercedat
623 2084 740 2124 inter
785 2083 1137 2133 ascendentem,
1186 2092 1231 2123 et
1275 2082 1464 2125 descen-

179 2143 358 2185 dentem
389 2143 626 2184 caudicem
652 2176 663 2194 ,
697 2143 786 2184 haec
832 2145 1020 2201 utrique
1068 2142 1323 2201 peculiaria
1368 2159 1464 2184 esse

181 2206 427 2245 novimus.
482 2202 652 2245 Cortex
708 2219 881 2254 verus,
933 2202 1084 2263 qualis
1136 2206 1183 2245 in
1236 2203 1464 2258 dicotyle-

181 2264 337 2305 doneis
382 2262 549 2321 plantis
592 2271 682 2313 est,
736 2267 918 2305 omnino
967 2263 1151 2305 deficit.
1204 2263 1463 2321 Epidermis

180 2324 417 2366 caudicem
463 2322 705 2368 obvolvit.
741 2324 870 2368 Intus
917 2324 1221 2383 parenchyma
1247 2357 1258 2375 ,
1292 2326 1337 2365 in
1369 2338 1462 2383 quo
