1669 2563
1376 164 1427 206 91

265 263 356 305 Aer
387 259 542 304 acidus
585 254 845 296 carbonz‘cus
875 253 983 295 liber
1012 267 1234 311 quousque
1270 257 1316 296 in
1348 254 1434 296 hac

590 317 883 371 respiratione
933 314 1057 355 utilis
1081 345 1090 354 .

262 440 305 495 §.
338 451 436 494 290.
468 432 680 475 Vidimus
711 430 850 490 paulo
883 447 1037 489 supra,
1060 429 1188 481 folia,
1221 431 1329 472 dum
1356 436 1494 473 inter—

202 500 283 539 diu
315 497 592 551 oxygenium
623 508 771 534 aerem
802 526 813 543 ‚
848 492 941 534 sole
974 492 1235 547 adjuvante,
1262 493 1493 542 emittunt,

200 574 300 600 aere
331 555 462 596 acido
493 554 741 595 carbonico
774 552 923 594 libero
956 554 1096 608 potiri
1124 583 1134 601 ‚
1168 560 1304 608 atque
1331 551 1495 592 dissol-

199 633 301 659 vere
329 633 340 665 ;
373 629 512 671 quam
563 611 783 654 foliorum
814 616 861 653 in
892 612 1014 653 hune
1066 627 1216 653 aerem
1271 612 1495 651 actionem

203 675 417 734 pluribus
447 673 550 714 aliis
582 673 801 730 periculis
831 673 950 714 idem
967 672 1237 714 Saussurius
1259 669 1498 711 confirma-

197 739 293 786 vit,
336 737 596 791 reperitque
617 765 628 783 ‚
654 733 702 774 id
749 733 924 774 diverse
959 734 1114 789 peragi
1149 747 1174 772 a
1214 731 1495 772 diversarum

198 795 462 853 plantarum
486 793 700 842 foliis‚ita
722 801 873 834 tamen
895 799 949 832 ut
974 792 1063 833 haec
1082 795 1255 833 ratione
1270 793 1412 848 magis
1429 806 1499 832 su-

198 854 397 913 perficiei
429 868 532 904 suae,
564 867 701 909 quam
731 852 996 902 voluminis,
1018 868 1113 893 rem
1132 858 1494 909 consequantur.

257 915 301 971 §.
332 929 433 972 291.
466 913 526 954 At
559 915 726 970 quaevis
758 915 874 954 aeris
905 912 1023 952 acidi
1070 913 1303 953 carbonici
1356 926 1497 968 quan-

198 977 306 1016 titas
337 983 446 1031 apta
476 975 565 1015 erit
594 973 651 1014 ad
683 973 801 1014 hanc
832 971 1053 1014 foliorum
1087 974 1312 1013 actionem
1338 970 1498 1012 foven-

198 1036 334 1078 dam?
367 1034 552 1075 Minime
584 1033 785 1089 quidem.
817 1032 936 1074 Nam
971 1039 1079 1072 tunc
1112 1040 1289 1073 tantum
1315 1047 1391 1072 aer
1413 1031 1496 1072 iste

198 1095 350 1145 foliis,
384 1095 492 1135 dum
520 1095 758 1150 expirant,
792 1091 1022 1150 perutilis,
1055 1107 1160 1132 cum
1181 1093 1500 1133 duodecimam

199 1157 442 1197 ambientis
470 1154 773 1211 *atmosphaerae
805 1161 981 1210 partem
1005 1154 1282 1209 aequiparat3
1308 1166 1400 1209 quo
1426 1166 1500 1192 Ve-

200 1231 250 1257 ro
277 1216 421 1270 major
448 1216 679 1271 quantitas
701 1215 821 1268 ejus,
845 1227 896 1253 eo
921 1214 1298 1269 perniciosi0r‚ut
1321 1211 1499 1268 plantas

197 1276 383 1317 demum
417 1274 547 1315 illico
581 1273 760 1314 occidat
784 1304 793 1314 .
825 1272 1041 1324 Quinimo
1071 1274 1119 1311 in
1153 1273 1351 1313 tenebris
1379 1304 1390 1322 ‚
1422 1269 1499 1312 vel

197 1338 245 1376 in
277 1336 443 1376 umbra
482 1347 762 1391 quaecunque
803 1334 919 1373 aeris
958 1332 1078 1372 acidi
1118 1333 1349 1373 carbonici
1381 1333 1499 1372 ratio

198 1397 476 1452 vegetationi
509 1392 775 1450 plantarum
805 1392 1073 1433 adversatur
1098 1423 1107 1432 .
1139 1392 1318 1444 Quibus
1342 1392 1500 1434 edoce-

197 1471 302 1495 mur
330 1487 342 1505 ,
373 1469 479 1494 cum
519 1453 666 1494 hieme
716 1451 894 1509 Plantas
943 1451 1255 1493 hibernaculis
1293 1451 1501 1494 occludi—

196 1530 298 1555 mus
322 1546 334 1564 ,
368 1529 443 1555 eas
472 1514 536 1552 ita
562 1527 654 1553 esse
686 1510 978 1553 collocandas
1002 1542 1016 1561 ,
1049 1519 1104 1551 ut
1145 1511 1241 1552 luci
1275 1527 1413 1569 quam
1444 1512 1500 1552 li-

195 1576 392 1616 berrime
425 1574 746 1620 obvertantur3
780 1572 946 1611 etenim
978 1568 1063 1610 lux
1110 1586 1259 1612 aerem
1315 1571 1500 1613 acidum

194 1635 493 1676 carbonicum
524 1633 589 1674 ibi
613 1630 719 1688 plus
747 1632 956 1671 minusve
989 1630 1224 1687 degentem
1256 1631 1495 1684 dissolvit,

194 1703 243 1736 et
272 1694 478 1752 impedit,
506 1693 752 1750 quominus
783 1690 953 1732 eisdem
974 1689 1143 1748 plantis
1175 1690 1342 1733 officiat
1366 1724 1377 1733 .

335 1813 428 1857 Aer
455 1815 683 1872 septonius
718 1812 896 1870 quando
925 1812 1069 1854 evolat
1100 1827 1129 1853 a
1153 1813 1322 1870 planta
1346 1845 1356 1855 .

258 1935 304 1990 ξ.
337 1949 436 1992 292.
469 1934 684 1976 Diximus
704 1947 890 1991 quoque
921 1930 1034 1973 folia
1064 1949 1171 1975 cum
1200 1933 1401 1975 interdiu
1428 1948 1498 1974 ae-

199 2010 294 2036 rem
340 1997 620 2053 oxygenium
651 1996 888 2051 expirant,
922 1993 1167 2050 pauculam
1199 1996 1315 2036 aeris
1347 2002 1497 2051 septo-

199 2057 265 2095 nii
315 2057 614 2112 quantitatem
667 2070 776 2112 saepe
829 2055 1035 2095 emittere
1077 2087 1087 2096 .
1134 2054 1267 2107 Quod
1317 2053 1496 2111 phaeno-

200 2129 360 2156 menon
388 2129 493 2156 cum
524 2115 615 2156 alio
652 2114 943 2172 phaenomeno
969 2129 1142 2172 semper
1173 2116 1461 2157 consociatur
1482 2146 1493 2164 ‚

202 2173 377 2215 scilicet
419 2182 599 2217 tantum
637 2177 754 2217 aeris
801 2175 994 2232 septonii
1047 2174 1202 2217 avolat
1232 2191 1256 2216 e
1306 2173 1492 2232 planta,

202 2241 424 2289 quantum
466 2236 663 2293 oxygeni
707 2232 864 2291 figitur
907 2235 956 2275 in
1006 2233 1117 2285 illa3
1154 2236 1397 2293 patuitque
1435 2248 1492 2274 ex

203 2294 514 2338 Saussurianis
570 2294 788 2353 periculis
816 2327 828 2346 ,
890 2295 1044 2354 ipsum
1101 2310 1249 2338 aerem
1310 2293 1493 2336 acidum
