1669 2563
1371 175 1396 217 5

178 282 408 336 animique
461 279 601 319 nostri
657 293 796 337 prope
851 277 981 322 illam
1011 281 1216 324 divinam
1269 277 1459 322 faculta-

180 343 301 382 tem?
330 338 461 392 Quod
492 339 527 378 si
557 351 673 394 quos
706 336 890 382 levioris
920 345 1137 383 momenti
1176 349 1328 381 motus
1356 353 1460 380 con-

181 404 394 460 spicimus
422 400 470 438 in
500 396 732 440 nonnullis
762 398 930 457 plantis
952 433 964 451 ‚
994 400 1041 442 hi
1072 409 1164 443 tam
1192 402 1328 442 arctis
1359 402 1458 440 vin-

180 462 299 506 culis
339 458 662 507 continentur,
715 466 768 499 ut
796 474 853 500 ex
899 462 1166 503 necessitate
1210 458 1460 517 peculiaris

183 526 415 565 structurae
437 517 589 573 potius
614 532 752 574 quam
773 534 828 560 ex
853 519 1115 563 voluntaria
1140 528 1349 562 motuum
1369 520 1466 559 ani-

181 580 367 623 malium
383 591 542 620 caussa
562 577 755 634 pendere
779 577 915 624 facile
938 583 1042 638 quis
1064 581 1300 639 dignoscat
1316 612 1327 622 .

591 697 714 742 Vasa
767 698 1042 757 lymphatc'ca
1065 732 1074 741 .

239 820 285 876 §.
326 833 391 876 17.
433 818 661 862 vasorum
677 833 839 876 genera
857 821 944 861 tria
959 819 1183 864 habemus
1202 821 1248 862 in
1274 818 1459 877 plantis,

182 880 356 923 scilicet
383 895 489 922 vasa
519 893 708 922 succum
738 879 1042 937 vegetabilem
1072 880 1274 922 nondum
1311 880 1462 936 perfe-

181 949 307 983 ctum
336 939 547 983 vehentia
570 969 581 990 ,
612 953 749 992 vasa,
781 954 880 996 quae
911 955 1064 982 aerem
1096 942 1321 997 praecipuc
1362 955 1465 980 con-

183 1003 328 1042 tinent
352 1034 363 1052 ,
386 1000 581 1057 denique
605 997 704 1050 illa,
729 1013 826 1057 quae
851 1014 1040 1043 succum
1056 1003 1308 1058 unicuique
1334 999 1466 1057 plan-

186 1069 337 1103 tarum
369 1062 534 1118 speciei
566 1061 805 1117 proprium
834 1062 1073 1118 excipiunt
1093 1091 1104 1104 .

242 1120 286 1176 §.
325 1122 389 1171 18,
421 1121 598 1162 Horum
641 1120 815 1179 prima,
849 1135 1049 1162 vasorum
1099 1119 1467 1178 lymphaticorum

184 1182 363 1222 nornine
394 1182 606 1238 insignita
625 1209 637 1231 ,
682 1187 789 1222 sunt
819 1179 1039 1223 tubulosa
1061 1196 1257 1238 corpora
1279 1213 1290 1230 ,
1321 1180 1465 1237 liquo-

188 1241 317 1282 ribus
335 1272 346 1291 ,
380 1242 463 1297 qui
498 1241 784 1282 extrinsecus
813 1240 1138 1297 ingrediuntur
1157 1273 1168 1292 ‚
1193 1242 1348 1299 pervia
1366 1271 1376 1289 ‚
1405 1239 1468 1279 fa·-

183 1307 348 1357 ctaque
397 1298 698 1346 excellulari
746 1301 1010 1341 membrana
1061 1300 1198 1342 densa
1226 1334 1237 1352 ,
1283 1301 1429 1341 tenaci
1453 1331 1464 1349 ‚

192 1359 289 1401 fere
323 1374 468 1416 opaca
495 1391 506 1409 ,
538 1357 774 1415 nullisque
804 1362 928 1415 poris
957 1359 1220 1402 visibilibus
1250 1368 1431 1416 pertusa
1455 1392 1464 1400 .

184 1420 285 1461 Haec
330 1418 649 1468 macerationi,
683 1420 981 1475 ruptionique
1026 1436 1107 1476 per
1159 1428 1465 1461 transversum

187 1480 405 1520 resistunt
428 1509 439 1530 ,
471 1478 717 1520 cavitatem
748 1477 806 1519 ab
862 1479 955 1522 imo
1003 1479 1061 1521 ad
1095 1494 1464 1535 summun1.›que

189 1537 385 1595 amplam
405 1569 417 1587 ‚
448 1551 530 1578 nec
560 1534 753 1577 formam
784 1539 1018 1588 conicam,
1049 1537 1202 1595 qualis
1243 1546 1312 1581 cst
1341 1540 1386 1579 in
1417 1554 1468 1579 a—

187 1596 430 1640 nimalium
457 1596 576 1638 vasis
624 1626 636 1646 ‚
668 1596 926 1653 possident.

243 1659 291 1714 ς.
330 1671 397 1713 19.
432 1653 553 1698 Vasa
582 1653 868 1713 lymphatica
896 1655 970 1699 vel
1002 1664 1126 1700 recta
1149 1690 1160 1710 ‚
1192 1656 1266 1700 vel
1297 1658 1467 1700 reticu-

184 1716 270 1759 lati
300 1718 450 1774 operis
480 1715 681 1757 adinstar
710 1716 930 1759 incedunt
955 1749 966 1768 ,
998 1732 1198 1775 cumque
1244 1716 1426 1760 facilius
1451 1751 1462 1767 ,

185 1778 299 1820 dum
332 1785 457 1819 recta
488 1785 773 1828 excurrunt,
806 1777 866 1819 ab
897 1779 1093 1820 invicem
1123 1780 1321 1835 separari
1353 1793 1469 1834 que-

186 1846 266 1880 ant
293 1871 304 1890 ,
337 1845 513 1879 veteres
540 1836 700 1880 dixere
740 1852 914 1880 nervum
948 1837 1092 1892 fissile
1113 1868 1124 1880 .
1151 1839 1287 1881 Nunc
1334 1836 1470 1894 longa

188 1906 310 1950 sunt,
343 1913 464 1939 nunc
496 1897 654 1954 brevia
672 1930 685 1949 ‚
715 1905 769 1939 ut
799 1900 975 1956 primus
1005 1900 1210 1940 omnium
1232 1897 1471 1956 perhibuit

188 1958 471 2017 Malpighius
507 1956 639 1999 Anat.
673 1956 738 2015 pl.
770 1974 815 2016 p.
848 1973 889 2014 7.
922 1959 1016 2000 tab.
1045 1960 1088 2013 4.
1119 1957 1192 2017 fig.
1243 1974 1308 2015 19.
1362 1959 1470 2009 Qnae

186 2018 399 2060 breviora
462 2020 734 2076 contingunt
765 2051 777 2070 ‚
828 2018 1004 2061 alburni
1054 2028 1222 2060 textum
1275 2018 1469 2059 Linkius

189 2078 491 2138 nuncupavit.
514 2077 610 2121 Nec
632 2087 782 2121 tamen
803 2078 891 2122 haec
924 2095 1031 2122 vasa
1050 2081 1115 2121 ita
1132 2080 1288 2122 brevia
1315 2095 1471 2136 perpe-

190 2144 269 2180 tuo
289 2148 393 2181 sunt
414 2141 467 2179 in*
482 2137 651 2196 plantis
666 2140 894 2190 omnibus,
911 2148 965 2181 ut
985 2140 1123 2182 habet
1141 2140 1469 2181 Dutrochetus.

245 2199 290 2254 §.
322 2214 393 2242 20.
429 2198 601 2241 Eorum
631 2208 700 2241 est
723 2233 734 2251 ,
766 2216 903 2257 quern
936 2200 1175 2242 humorem
1209 2201 1465 2257 excipiunt,

189 2264 238 2296 et
259 2258 673 2310 vehunt‚³fundere
698 2262 747 2301 in
768 2259 964 2303 cellulas
982 2293 992 2309 ,
1018 2269 1064 2302 et
1085 2277 1109 2300 a
1132 2259 1317 2301 cellulis
1354 2259 1470 2300 hau-

190 2318 294 2358 rire.
323 2319 419 2362 Nos
445 2316 592 2362 tamen
620 2318 767 2362 latent
791 2330 967 2365 meatus
997 2321 1056 2363 ab
1088 2320 1209 2362 hisce
1254 2321 1370 2361 vasis
1411 2319 1468 2360 ad
