1669 2563
1261 117 1343 169 237

167 220 376 275 Contigui
406 252 415 267 ‚
444 232 546 257 cuin
579 216 693 257 altor
726 224 880 256 contra
934 216 1130 259 alterum
1179 218 1294 260 facie
1329 233 1409 259 sua

108 284 285 322 interna
323 278 570 335 applicitus
592 310 600 317 .

173 341 462 393 Divergetztes
494 339 608 376 inter
637 350 680 375 se
714 350 758 375 se
791 336 1144 376 summitatibus.

169 398 361 454 Rejleoez',
389 411 492 436 cum
524 397 586 435 ita
618 402 921 435 recurvantur
946 426 957 443 ,
990 403 1042 434 ut
1073 397 1222 451 apices
1258 410 1417 437 corum

108 459 472 517 appropinquent
502 456 620 511 apici
654 453 865 496 radioulae
888 486 897 495 .
928 454 1161 495 Dicuntur
1192 468 1299 496 vero
1341 469 1407 495 re-

99 521 214 576 flexi
249 535 277 560 a
305 515 429 572 facie
452 547 462 564 ‚
497 514 568 556 vel
608 529 637 554 a
679 515 851 567 latere,
898 528 1005 555 cum
1050 516 1301 572 respiciunt
1355 513 1411 554 ad

113 575 371 620 radiculam
403 573 517 616 facie
546 607 556 625 ,
586 572 659 615 vel
693 573 836 615 latere
855 605 865 616 .

169 637 389 679 Circinati
419 666 429 684 ‚
465 636 573 675 cirri
599 634 734 675 modo
766 632 1000 675 revoluti.

169 696 403 739 Convoluti
434 697 609 736 circum
643 696 907 751 semetipsos
938 709 1017 751 per
1050 699 1191 734 totam
1215 691 1420 750 longitu-

111 757 263 798 dinem
295 770 422 797 suam
452 787 462 797 .

171 817 436 873 qucitantes
461 847 471 864 ,
504 813 700 856 obvoluti
743 814 908 855 Linnaei
937 845 948 863 ,
993 815 1190 870 oppositi
1232 811 1425 853 Gaertne-

110 878 149 919 ri
177 910 188 928 ‚
226 892 333 917 cum
377 883 570 931 uterque
604 877 667 916 ita
706 874 992 931 longitudine
1035 871 1387 929 conduplicatus
1412 903 1424 920 ‚

112 944 166 977 ut
207 936 407 993 excipiat
437 937 555 976 intra
586 933 728 992 plicas
769 948 871 976 suas
904 948 1049 974 unum
1082 948 1138 973 ex
1172 931 1425 989 parietibus

113 996 305 1038 alterius
331 1029 341 1038 .

175 1056 497 1112 Condaplicati
526 1086 537 1105 ‚
591 1054 684 1095 duo
738 1052 936 1111 oppositi
962 1084 974 1103 ‚
1007 1060 1053 1094 et
1085 1067 1175 1094 una
1200 1053 1297 1094 vice
1326 1049 1430 1091 lon-

115 1115 323 1174 gitudine
358 1115 515 1173 plicari
542 1146 551 1155 .

178 1176 346 1218 Plicati
366 1208 376 1225 ‚
410 1175 725 1230 unusquisque
764 1171 980 1231 pluribus
1012 1171 1146 1229 plicis
1174 1169 1426 1230 longitudi-

119 1236 303 1278 nalihus
329 1233 500 1277 flabelli
532 1235 672 1275 instar
696 1265 706 1275 .

176 1296 551 1351 Contortuplicati
579 1326 589 1343 ‚
623 1295 876 1348 corrugati,
917 1306 943 1332 a
985 1290 1117 1347 plicis
1173 1290 1389 1348 pluribus
1414 1321 1425 1339 ‚

119 1355 454 1413 irregularibus
482 1386 492 1405 ,
520 1367 887 1411 quaquaversum
918 1351 1103 1392 directis
1129 1384 1139 1393 .

178 1415 370 1466 coalui,
402 1429 508 1455 cum
533 1446 543 1464 ‚
571 1420 901 1454 maturescente
928 1413 1094 1452 somine
1115 1443 1126 1461 ‚
1163 1409 1427 1451 coalescunt

120 1477 236 1516 inter
269 1491 312 1516 se
351 1490 424 1525 se,
456 1482 502 1515 et
538 1488 682 1515 unum
728 1470 1047 1527 cotyledonem
1094 1470 1431 1528 quodammodo

119 1534 324 1577 efficiunt
351 1567 361 1577 .

177 1595 357 1636 Pertusi
394 1595 516 1651 poris
546 1594 805 1650 conspicuis
829 1623 838 1633 .

178 1652 462 1696 Orbiculares
494 1686 505 1704 ,
538 1652 798 1695 sabrotzmdi
818 1683 828 1701 ‚
863 1653 987 1693 ovati
1009 1683 1020 1702 ‚
1054 1651 1241 1706 elliptz‘ci
1268 1681 1279 1699 ‚
1314 1650 1432 1689 reni-

107 1714 275 1771 sormes
300 1746 310 1764 ‚
342 1715 514 1755 cordata·
550 1746 560 1762 ‚
611 1713 850 1754 lanceolata·
871 1743 882 1762 ‚
927 1712 1116 1752 lineares
1144 1742 1154 1760 ‚
1192 1711 1389 1766 elongati
1416 1740 1427 1758 ‚

119 1775 456 1832 semicylindrici
484 1806 494 1822 ‚
506 1772 677 1830 falcati
697 1805 708 1823 ‚
742 1772 903 1813 similes
924 1802 935 1820 ‚
967 1772 1200 1812 dissimiles
1229 1802 1238 1811 .

181 1835 354 1876 Peltati
380 1866 391 1884 ‚
426 1836 548 1874 scuti
581 1835 721 1873 instar
759 1833 990 1881 convexi,
1021 1839 1066 1873 et
1096 1830 1214 1872 facie
1268 1843 1436 1870 conca-

124 1909 209 1944 va,
243 1897 334 1936 sive
361 1896 540 1936 interna
572 1894 764 1950 germini
798 1889 924 1932 affixi
954 1923 964 1932 .

183 1953 457 2009 Integerrimi
482 1986 493 2005 ,
531 1953 698 2003 lobeni,
733 1951 865 1994 bilobz·
885 1983 895 2001 ‚
930 1949 1078 1993 trilobi
1105 1951 1187 1992 &a

183 2013 492 2069 Pinnatzfidi,
538 2013 764 2055 lateribus
814 2013 1033 2069 utrinque
1086 2008 1315 2069 profunde
1360 2007 1431 2048 di-

128 2087 212 2114 vlsl
244 2105 253 2115 .
872 2088 876 2098 Δ

188 2132 406 2174 Petiolati
432 2164 443 2182 ‚
478 2133 648 2176 sessiles
677 2164 687 2174 .

188 2191 465 2244 Articulati‚
496 2208 602 2234 cum
633 2192 886 2234 articulum
914 2224 926 2243 ,
959 2206 1038 2233 seu
1089 2188 1437 2244 interruptionis

127 2256 326 2309 speciem
357 2267 447 2309 prae
474 2267 519 2294 se
551 2252 705 2293 ferunt
728 2251 831 2293 loco
863 2251 1201 2306 conjunctionis
1224 2263 1309 2291 suae
1330 2261 1436 2288 cum

125 2313 344 2369 germine
369 2329 380 2362 ς
413 2314 630 2353 contrarii
664 2312 733 2352 his
762 2313 1056 2369 confluentes.
