1669 2563
210 100 287 140 158

203 203 246 258 §.
281 217 320 244 2.
344 202 438 244 Hoc
471 210 711 258 systemate
736 209 883 244 totum
908 217 1097 260 regnum
1118 200 1370 260 vegetabile
1390 204 1436 243 in

140 263 254 304 duas
285 262 530 319 phalanges
560 263 780 305 dividitur
806 297 816 315 ,
851 265 898 303 111
928 278 1125 321 quarum
1158 265 1304 320 prima
1349 276 1437 302 nu-

144 325 249 380 ptiae
281 322 541 380 plantarum
574 323 767 381 publicae
789 355 799 373 ,
833 325 924 364 sive
955 331 1084 364 actus
1133 323 1438 380 generationis

142 382 397 424 incolarum
448 385 572 440 regni
621 383 888 440 vegetabilis
942 381 1208 424 manifestus
1233 399 1244 432 3
1295 396 1440 439 quare

141 442 404 498 hujusmodi
435 442 594 500 plantae
626 444 927 499 plzaenogamae
946 476 956 494 ,
989 450 1071 484 aut
1095 442 1440 499 plzanerogamae

142 503 382 553 dicuntum
413 504 460 543 in
491 502 636 543 altera
655 517 763 545 vero
793 506 959 560 nuptiae
988 502 1291 552 clandestinae,
1323 501 1442 542 idest

142 562 263 603 clam
293 563 525 613 institutae,
545 565 654 620 quia
678 560 808 604 flores
840 563 986 605 oculis
1010 564 1176 604 nostris
1207 562 1341 603 nudis
1360 563 1440 602 vix

144 624 491 679 conspiciuntur
520 655 530 672 ‚
562 630 607 663 et
626 631 780 664 actum
811 624 1114 680 generationis
1145 621 1409 663 subducunt
1427 653 1439 671 ,

140 682 391 740 plantaeque
424 682 562 737 hujus
593 684 740 739 gentis
772 691 1067 739 cryptogamae
1097 689 1322 723 Vocantur
1347 713 1357 722 .

203 742 247 797 §.
281 744 322 783 3.
356 740 521 782 Plantae
567 743 860 798 phaenogamae
907 742 980 783 vel
1036 741 1269 799 possident
1302 741 1441 796 flores

142 802 458 856 monoclynios,
493 803 583 841 sive
607 800 998 856 hermaphroditos,
1016 804 1063 843 in
1087 802 1258 858 quibus
1290 802 1442 842 stami-

144 877 201 902 na
235 876 341 901 cum
372 859 558 917 pistillis
589 862 636 901 in
666 861 826 901 eodem
857 861 1149 917 receptaculo
1192 870 1298 902 sunt
1318 893 1329 910 ,
1362 859 1438 901 vel

142 921 314 962 liabent
332 920 468 975 flores
491 920 731 975 didymos,
762 923 810 960 in
840 921 1010 976 quibus
1041 922 1231 961 stamina
1254 952 1264 970 ‚
1299 928 1344 961 et
1376 922 1442 976 pi-

142 980 268 1021 stilla
299 979 568 1020 distinctum
612 978 959 1037 receptaculum
1006 982 1054 1020 in
1093 979 1249 1020 eadem
1294 981 1478 1036 speciev

142 1040 403 1081 inhabitant
428 1071 439 1090 ‚
481 1036 705 1095 floresque
763 1040 839 1080 isti
890 1038 1111 1080 dicuntur
1162 1040 1444 1080 unisexaales

140 1099 392 1147 masculini,
422 1106 503 1139 aut
521 1097 745 1154 foeminini
770 1130 780 1140 .

201 1159 246 1216 §.
277 1161 320 1212 4.
341 1158 498 1199 Flores
529 1157 809 1213 monoclynii
828 1164 910 1198 aut
927 1156 1096 1199 hahent
1125 1159 1446 1214 stamina,quae

142 1218 274 1261 nulla
305 1220 375 1259 sui
407 1226 536 1275 parte
567 1220 683 1259 inter
716 1232 761 1259 se
799 1225 1133 1259 connectuntur
1160 1249 1170 1267 ‚
1204 1217 1326 1258 unde
1367 1231 1443 1258 eo-
1474 1240 1479 1247 ι

141 1294 245 1320 rum
277 1278 492 1334 diffinitas
512 1309 529 1330 ,
559 1277 789 1320 vocabulo
820 1277 1059 1319 Linnaeano
1089 1277 1298 1319 adhibito
1324 1309 1334 1327 ‚
1367 1276 1445 1319 vel

140 1342 258 1380 inter
291 1354 337 1380 se
369 1353 413 1380 se
438 1371 449 1389 ‚
483 1345 564 1379 aut
589 1353 694 1380 cum
726 1337 903 1395 pistillo
935 1338 1188 1388 cohaerent‚
1234 1353 1290 1379 ex
1348 1351 1443 1394 quo

140 1403 385 1441 staminum
433 1397 630 1454 affinitas
661 1431 670 1440 .
718 1397 877 1440 Flores
934 1398 1215 1453 monoclynii
1271 1396 1441 1452 dfftzes

140 1474 261 1500 nunc
306 1458 538 1516 possident
593 1460 785 1500 stamina
841 1456 1126 1515 longitudine
1176 1455 1407 1498 indefinita
1430 1490 1441 1508 ‚

141 1534 239 1576 quae
276 1534 346 1560 res
390 1518 778 1575 indffererztismzcs
808 1532 835 1558 a
864 1517 1043 1559 Linnaeo
1077 1517 1195 1558 dicta
1220 1549 1230 1568 ,
1262 1524 1308 1558 et
1352 1524 1444 1558 tre-

142 1580 290 1621 decim
308 1579 481 1636 priores
497 1577 662 1619 classes
681 1577 989 1635 suppeditant,
1013 1592 1209 1634 quarum
1232 1577 1444 1619 undecim

141 1655 169 1680 a
197 1653 386 1681 numero
414 1641 657 1679 staminum
674 1671 684 1688 ,
706 1639 893 1695 aliaeque
917 1637 1014 1681 duae
1038 1652 1064 1679 a
1088 1639 1333 1679 staminum
1356 1652 1443 1679 nu-

143 1712 267 1740 mero
291 1731 302 1749 ,
349 1705 394 1758 et
439 1700 612 1756 origine
645 1701 791 1754 petitae
817 1730 827 1739 .
863 1697 1052 1739 Scilicet

265 1757 444 1801 CLASSIs
526 1758 562 1799 Ι.
626 1757 907 1799 Menandria
940 1757 1129 1798 stamine
1161 1757 1297 1797 unico
1325 1788 1337 1798 .

515 1818 574 1859 II.
613 1817 847 1858 Diandria
879 1817 1148 1858 staminibus
1180 1815 1365 1858 duobus
1393 1849 1402 1858 .

507 1877 591 1919 III.
630 1877 868 1919 Triandria
898 1877 1167 1918 staminibus
1198 1877 1348 1918 tribus
1367 1909 1377 1918 .

505 1936 587 1979 IV.
625 1937 891 1979 Tetrandria
929 1937 1198 1978 staminibus
1215 1944 1439 1992 quatuor.

522 1996 579 2038 V.
623 1997 902 2038 Pentandria
927 1997 1196 2038 staminibus
1221 1998 1440 2053 quinque.

515 2057 595 2099 VI.
623 2056 890 2098 Hexandria
925 2057 1195 2098 staminibus
1227 2071 1320 2100 sex.

505 2117 608 2159 VII.
631 2116 918 2173 Heptandria
948 2117 1218 2158 staminibus
1243 2123 1426 2173 septem.³

489 2176 612 2220 VIII.
634 2177 885 2220 Octandria
924 2177 1194 2220 staminibus
1226 2184 1326 2218 octo
1351 2210 1360 2218 .
