1669 2563
190 172 247 215 92

133 261 446 312 carbonieum,
472 259 581 302 dum
607 260 906 320 atmosphaerae
924 259 1185 319 plantarum
1215 257 1418 316 paucula

132 324 387 380 quantitate
413 324 651 364 immixtus
673 330 756 373 est,
789 322 1086 364 dissolutione
1112 335 1194 362 sua
1218 320 1328 361 huic
1356 321 1420 360 rei

134 382 394 441 peragendae
423 383 621 424 maxime
652 381 805 425 favere
829 415 838 424 .

323 500 432 547 Lux
460 516 550 559 qua
574 510 709 559 parte
730 500 840 558 folii
866 509 1005 559 agat.
1045 500 1232 544 Utilitas

478 565 781 620 respirationis
811 566 857 605 in
881 564 1058 621 plantis
1076 593 1086 603 .

191 681 238 738 §.
271 683 370 740 293.
402 680 621 740 Superior
651 681 871 725 foliorum
902 681 1042 725 facies
1071 679 1289 723 inferiore
1328 693 1431 736 pas-

133 743 217 785 sim
237 742 404 794 laevior,
427 751 471 784 et
494 743 710 793 nitidior3
732 758 829 800 quae
856 759 963 785 curn
993 741 1078 784 soli
1107 747 1327 798 perpetuo
1356 739 1435 780 oh-

136 811 360 853 vertatur‚
387 817 471 844 nee
491 804 537 844 in
557 806 833 845 contrariam
865 810 1040 861 partem
1060 799 1236 844 deflecti
1265 800 1433 857 possit,

135 864 251 919 quin
282 863 435 905 statim
460 863 518 904 ad
549 862 691 905 solem
724 863 879 905 redeat
905 895 916 914 ,
948 862 1022 904 vel
1074 864 1110 904 si
1142 862 1207 902 ita
1238 861 1434 901 retinea-

135 930 213 964 tur
237 954 248 972 ‚
296 921 476 962 tandem
498 924 590 963 vita
624 922 804 963 laboret
828 953 840 972 ‚
874 922 959 962 hac
987 922 1042 963 de
1068 937 1116 963 re
1148 919 1318 961 solares
1363 934 1436 959 ra-

132 983 232 1023 dios
263 983 547 1039 potissimum
578 983 788 1037 excipere
818 981 1026 1030 videtur,
1045 987 1099 1021 ut
1118 980 1437 1036 exspirationis

134 1056 250 1099 opus
269 1074 280 1091 ‚
312 1041 368 1082 de
399 1054 491 1097 quo
521 1042 714 1098 egimus,
746 1039 1046 1082 absolvatur.

192 1101 238 1156 ς.
270 1103 369 1157 294.
402 1099 524 1157 Ergo
555 1099 717 1157 plantas
749 1102 974 1157 respirant
999 1132 1010 1151 ,
1062 1097 1140 1140 sed
1173 1098 1239 1139 ita
1292 1099 1437 1154 respi-

134 1169 236 1201 rant
259 1193 270 1211 ‚
306 1170 360 1202 ut
389 1159 527 1217 longo
557 1162 705 1201 noctis
734 1159 981 1202 intervallo
1011 1173 1161 1201 aerem
1216 1161 1438 1214 oxygeni-

134 1234 215 1260 um
245 1219 546 1277 atmosphaerae
574 1219 782 1261 inhalent
811 1220 867 1262 ad
899 1234 1048 1261 aerem
1071 1218 1256 1260 acidum
1282 1217 1440 1258 carbo-

135 1282 294 1320 nicum
337 1278 659 1331 formandum,
692 1281 829 1336 cujus
882 1295 968 1337 ope
998 1280 1269 1322 carbonium
1313 1279 1438 1319 succi

134 1339 405 1396 vegetabilis
430 1341 489 1382 ab
519 1341 715 1397 impuris
745 1342 1005 1399 sejungitur
1033 1373 1045 1391 ,
1077 1337 1282 1381 interdiu
1328 1353 1440 1380 vero

132 1399 331 1441 eundem
376 1415 527 1442 aerem
568 1402 879 1458 oxygenium,
931 1416 1068 1458 quem
1120 1398 1205 1440 lux
1249 1397 1438 1448 aufert,

133 1460 438 1517 atmosphaerae
470 1462 718 1503 restituant
745 1494 757 1512 ,
791 1469 846 1503 ut
876 1461 1154 1503 carbonium
1185 1474 1326 1516 quam
1357 1473 1439 1515 pu-

135 1522 366 1562 rissimum
396 1520 593 1577 denique
618 1525 666 1562 in
696 1520 854 1578 planta
877 1521 934 1563 ad
962 1521 1177 1562 humores
1201 1517 1441 1576 perficien-

136 1580 219 1621 dos
242 1612 254 1631 ‚
290 1586 429 1636 atque
461 1580 590 1621 illam
635 1580 931 1622 nutriendam
964 1580 1233 1622 subsideat.
1278 1577 1442 1619 Praete-

138 1655 215 1681 rea
244 1638 406 1697 plantae
432 1672 443 1691 ,
476 1641 559 1682 ubi
590 1639 839 1697 pauculam
869 1642 987 1682 aeris
1013 1641 1230 1698 oxygenii
1262 1639 1441 1696 quanti-

139 1706 279 1741 tatem
302 1699 495 1742 liberam
519 1702 567 1741 in
596 1700 895 1757 atmosphaera
925 1702 1178 1758 reperiunt,
1209 1714 1317 1740 cum
1343 1699 1440 1755 pari

136 1761 254 1800 aeris
276 1762 394 1800 azoti
425 1761 699 1817 quantitate,
729 1776 867 1818 quam
898 1764 1145 1812 emittunt,
1181 1773 1293 1818 saepe
1322 1760 1440 1800 inter

135 1820 455 1877 respirandum
486 1828 772 1864 commutant
794 1854 804 1862 .

253 1937 365 1996 Quae
395 1940 508 1985 vices
529 1942 643 1983 inter
673 1941 1006 1997 respirationem
1029 1940 1326 1999 plantarum,

610 2010 653 2044 et
675 2003 935 2044 animalium
960 2033 970 2045 .

196 2118 241 2174 ξ.
274 2118 373 2177 295.
399 2119 541 2178 Atqui
562 2128 608 2163 et
627 2121 807 2179 plantae,
833 2130 880 2163 et
905 2120 1121 2163 animalia
1145 2120 1232 2162 hoc
1255 2120 1447 2176 respira-

138 2180 274 2220 tionis
309 2184 490 2237 negotio
512 2183 787 2224 carbonium
809 2198 836 2224 a
863 2182 1058 2239 reliquis
1079 2182 1351 2224 substantiis
1385 2196 1450 2222 se-

135 2240 330 2295 jungere
352 2242 655 2293 contendunt,
677 2245 807 2285 exitu
832 2250 982 2284 tamen
1024 2242 1158 2300 longe
1182 2240 1274 2282 alio
1292 2274 1301 2282 .
1330 2241 1449 2282 Nam

142 2298 306 2356 plantae
363 2301 411 2343 id
458 2301 661 2345 efficiunt
681 2336 693 2355 ‚
737 2311 791 2345 ut
829 2300 1120 2361 purificatum
1171 2303 1450 2344 carbonium
