<?xml version="1.0" encoding="UTF-8"?>
<!DOCTYPE html PUBLIC "-//W3C//DTD XHTML 1.0 Transitional//EN"
    "http://www.w3.org/TR/xhtml1/DTD/xhtml1-transitional.dtd">
<html xmlns="http://www.w3.org/1999/xhtml" xml:lang="en" lang="en">
 <head>
  <title>
</title>
<meta http-equiv="Content-Type" content="text/html;charset=utf-8" />
  <meta name='ocr-system' content='tesseract 3.04.00' />
  <meta name='ocr-capabilities' content='ocr_page ocr_carea ocr_par ocr_line ocrx_word'/>
</head>
<body>
  <div class='ocr_page' id='page_1' title='image "antoniibertoloni00bert_0113.png"; bbox 0 0 1669 2563; ppageno 0'>
   <div class='ocr_carea' id='block_1_1' title="bbox 1325 170 1402 201">
    <p class='ocr_par' dir='ltr' id='par_1_1' title="bbox 1325 170 1402 201">
     <span class='ocr_line' id='line_1_1' title="bbox 1325 170 1402 201; baseline 0 -1"><span class='ocrx_word' id='word_1_1' title='bbox 1325 170 1402 201; x_wconf 82' lang='lat'><em>101</em></span> 
     </span>
    </p>
   </div>
   <div class='ocr_carea' id='block_1_2' title="bbox 169 256 1500 1942">
    <p class='ocr_par' dir='ltr' id='par_1_2' title="bbox 169 256 1486 1262">
     <span class='ocr_line' id='line_1_2' title="bbox 169 256 1469 320; baseline -0.001 -16"><span class='ocrx_word' id='word_1_2' title='bbox 169 256 417 319; x_wconf 73' lang='lat' dir='ltr'><em>juniperus</em></span> <span class='ocrx_word' id='word_1_3' title='bbox 436 258 681 318; x_wconf 69' lang='lat' dir='ltr'><em>phoenicia,</em></span> <span class='ocrx_word' id='word_1_4' title='bbox 702 265 748 301; x_wconf 85' lang='lat' dir='ltr'><em>et</em></span> <span class='ocrx_word' id='word_1_5' title='bbox 767 256 940 301; x_wconf 82' lang='lat' dir='ltr'><em>Acacia</em></span> <span class='ocrx_word' id='word_1_6' title='bbox 974 258 1232 316; x_wconf 84' lang='lat' dir='ltr'><em>gummifera</em></span> <span class='ocrx_word' id='word_1_7' title='bbox 1251 260 1315 316; x_wconf 72' lang='lat'><em>(*)</em></span> <span class='ocrx_word' id='word_1_8' title='bbox 1333 293 1344 313; x_wconf 86' lang='lat'>‚</span> <span class='ocrx_word' id='word_1_9' title='bbox 1368 275 1469 320; x_wconf 79' lang='lat' dir='ltr'><em>quae</em></span> 
     </span>
     <span class='ocr_line' id='line_1_3' title="bbox 170 320 1470 377; baseline -0.002 -13"><span class='ocrx_word' id='word_1_10' title='bbox 170 323 295 373; x_wconf 88' lang='lat' dir='ltr'>thus,</span> <span class='ocrx_word' id='word_1_11' title='bbox 312 330 356 363; x_wconf 84' lang='lat' dir='ltr'><em>et</em></span> <span class='ocrx_word' id='word_1_12' title='bbox 371 320 603 376; x_wconf 85' lang='lat' dir='ltr'>myrrham</span> <span class='ocrx_word' id='word_1_13' title='bbox 628 320 841 377; x_wconf 85' lang='lat' dir='ltr'>praebent,</span> <span class='ocrx_word' id='word_1_14' title='bbox 858 327 912 361; x_wconf 85' lang='lat' dir='ltr'><em>ut</em></span> <span class='ocrx_word' id='word_1_15' title='bbox 927 320 973 359; x_wconf 91' lang='lat' dir='ltr'><em>in</em></span> <span class='ocrx_word' id='word_1_16' title='bbox 995 320 1177 376; x_wconf 85' lang='lat' dir='ltr'><em>templis</em></span> <span class='ocrx_word' id='word_1_17' title='bbox 1190 320 1275 361; x_wconf 86' lang='lat' dir='ltr'><em>Dei</em></span> <span class='ocrx_word' id='word_1_18' title='bbox 1292 323 1470 362; x_wconf 88' lang='lat' dir='ltr'><em>numini</em></span> 
     </span>
     <span class='ocr_line' id='line_1_4' title="bbox 170 377 1472 437; baseline -0.002 -13"><span class='ocrx_word' id='word_1_19' title='bbox 170 381 366 424; x_wconf 85' lang='lat' dir='ltr'><em>colendo</em></span> <span class='ocrx_word' id='word_1_20' title='bbox 396 378 630 421; x_wconf 84' lang='lat' dir='ltr'>redoleant</span> <span class='ocrx_word' id='word_1_21' title='bbox 653 408 662 420; x_wconf 83' lang='lat'><em>..</em></span> <span class='ocrx_word' id='word_1_22' title='bbox 686 378 870 436; x_wconf 75' lang='lat' dir='ltr'><em>Myrica</em></span> <span class='ocrx_word' id='word_1_23' title='bbox 901 378 1098 436; x_wconf 70' lang='lat' dir='ltr'><em>cerifera,</em></span> <span class='ocrx_word' id='word_1_24' title='bbox 1121 377 1286 421; x_wconf 87' lang='lat' dir='ltr'><em>Croton</em></span> <span class='ocrx_word' id='word_1_25' title='bbox 1316 380 1472 437; x_wconf 79' lang='lat' dir='ltr'><em>sebzfe-</em></span> 
     </span>
     <span class='ocr_line' id='line_1_5' title="bbox 172 438 1472 495; baseline -0.001 -13"><span class='ocrx_word' id='word_1_26' title='bbox 172 457 266 484; x_wconf 88' lang='lat' dir='ltr'><em>rum</em></span> <span class='ocrx_word' id='word_1_27' title='bbox 290 473 301 492; x_wconf 83' lang='lat'><strong><em>,</em></strong></span> <span class='ocrx_word' id='word_1_28' title='bbox 335 447 379 481; x_wconf 88' lang='lat' dir='ltr'><em>et</em></span> <span class='ocrx_word' id='word_1_29' title='bbox 423 438 683 481; x_wconf 85' lang='lat' dir='ltr'><em>mirandum</em></span> <span class='ocrx_word' id='word_1_30' title='bbox 714 438 836 481; x_wconf 84' lang='lat' dir='ltr'><em>illud</em></span> <span class='ocrx_word' id='word_1_31' title='bbox 868 438 1119 495; x_wconf 71' lang='lat' dir='ltr'><em>Cerooeylon</em></span> <span class='ocrx_word' id='word_1_32' title='bbox 1148 439 1356 480; x_wconf 87' lang='lat' dir='ltr'><em>andicola</em></span> <span class='ocrx_word' id='word_1_33' title='bbox 1402 455 1472 481; x_wconf 87' lang='lat' dir='ltr'><em>ce-</em></span> 
     </span>
     <span class='ocr_line' id='line_1_6' title="bbox 170 496 1475 548; baseline -0.002 -5"><span class='ocrx_word' id='word_1_34' title='bbox 170 517 295 543; x_wconf 72' lang='lat' dir='ltr'>Ieam</span> <span class='ocrx_word' id='word_1_35' title='bbox 329 499 634 541; x_wconf 81' lang='lat' dir='ltr'>substantiam</span> <span class='ocrx_word' id='word_1_36' title='bbox 664 498 867 540; x_wconf 86' lang='lat' dir='ltr'>fundunt</span> <span class='ocrx_word' id='word_1_37' title='bbox 898 498 955 540; x_wconf 82' lang='lat' dir='ltr'><em>acl</em></span> <span class='ocrx_word' id='word_1_38' title='bbox 985 496 1223 548; x_wconf 83' lang='lat' dir='ltr'><em>candelas,</em></span> <span class='ocrx_word' id='word_1_39' title='bbox 1244 506 1289 540; x_wconf 86' lang='lat' dir='ltr'><em>et</em></span> <span class='ocrx_word' id='word_1_40' title='bbox 1320 513 1475 541; x_wconf 80' lang='lat' dir='ltr'><em>cereos</em></span> 
     </span>
     <span class='ocr_line' id='line_1_7' title="bbox 170 558 1476 619; baseline -0.003 -17"><span class='ocrx_word' id='word_1_41' title='bbox 170 559 556 619; x_wconf 81' lang='lat' dir='ltr'><strong>probatissimam.</strong></span> <span class='ocrx_word' id='word_1_42' title='bbox 588 558 867 617; x_wconf 77' lang='lat' dir='ltr'><em>Amygdalus</em></span> <span class='ocrx_word' id='word_1_43' title='bbox 897 561 1156 608; x_wconf 88' lang='lat' dir='ltr'><em>communis,</em></span> <span class='ocrx_word' id='word_1_44' title='bbox 1187 566 1233 599; x_wconf 87' lang='lat' dir='ltr'><em>et</em></span> <span class='ocrx_word' id='word_1_45' title='bbox 1256 560 1436 614; x_wconf 85' lang='lat' dir='ltr'><em>persica</em></span> <span class='ocrx_word' id='word_1_46' title='bbox 1463 589 1476 608; x_wconf 90' lang='lat'>‚</span> 
     </span>
     <span class='ocr_line' id='line_1_8' title="bbox 173 617 1478 673; baseline -0.003 -11"><span class='ocrx_word' id='word_1_47' title='bbox 173 620 356 662; x_wconf 85' lang='lat' dir='ltr'><em>Prunus</em></span> <span class='ocrx_word' id='word_1_48' title='bbox 410 617 600 662; x_wconf 82' lang='lat' dir='ltr'><em>Cerasus</em></span> <span class='ocrx_word' id='word_1_49' title='bbox 645 653 657 670; x_wconf 85' lang='lat'>‚</span> <span class='ocrx_word' id='word_1_50' title='bbox 705 620 878 662; x_wconf 89' lang='lat' dir='ltr'><em>Acacia</em></span> <span class='ocrx_word' id='word_1_51' title='bbox 929 618 1113 660; x_wconf 85' lang='lat' dir='ltr'><em>arabica</em></span> <span class='ocrx_word' id='word_1_52' title='bbox 1143 649 1155 669; x_wconf 86' lang='lat'><strong>,</strong></span> <span class='ocrx_word' id='word_1_53' title='bbox 1207 617 1478 673; x_wconf 81' lang='lat' dir='ltr'><em>Astragalus</em></span> 
     </span>
     <span class='ocr_line' id='line_1_9' title="bbox 174 677 1481 736; baseline -0.002 -15"><span class='ocrx_word' id='word_1_54' title='bbox 174 678 494 734; x_wconf 83' lang='lat' dir='ltr'><em>Tragacantlza</em></span> <span class='ocrx_word' id='word_1_55' title='bbox 523 682 699 736; x_wconf 83' lang='lat' dir='ltr'><em>gummi</em></span> <span class='ocrx_word' id='word_1_56' title='bbox 722 688 910 724; x_wconf 49' lang='lat' dir='ltr'><em>scatente</em></span> <span class='ocrx_word' id='word_1_57' title='bbox 929 678 1102 720; x_wconf 80' lang='lat' dir='ltr'><strong>Fundit</strong></span> <span class='ocrx_word' id='word_1_58' title='bbox 1130 693 1341 719; x_wconf 88' lang='lat' dir='ltr'>mannam</span> <span class='ocrx_word' id='word_1_59' title='bbox 1363 677 1407 718; x_wconf 87' lang='lat' dir='ltr'><em>F</em></span> <span class='ocrx_word' id='word_1_60' title='bbox 1406 692 1481 718; x_wconf 85' lang='lat' dir='ltr'><em>ra-</em></span> 
     </span>
     <span class='ocr_line' id='line_1_10' title="bbox 173 736 1476 782; baseline -0.001 -1"><span class='ocrx_word' id='word_1_61' title='bbox 173 741 310 782; x_wconf 79' lang='lat' dir='ltr'><em>xinus</em></span> <span class='ocrx_word' id='word_1_62' title='bbox 331 737 483 782; x_wconf 79' lang='lat' dir='ltr'><em>ornus</em></span> <span class='ocrx_word' id='word_1_63' title='bbox 513 742 562 782; x_wconf 87' lang='lat' dir='ltr'><em>in</em></span> <span class='ocrx_word' id='word_1_64' title='bbox 584 739 824 782; x_wconf 89' lang='lat' dir='ltr'><em>hominum</em></span> <span class='ocrx_word' id='word_1_65' title='bbox 851 739 1171 782; x_wconf 78' lang='lat' dir='ltr'>salubritatem</span> <span class='ocrx_word' id='word_1_66' title='bbox 1190 767 1200 780; x_wconf 83' lang='lat'><strong><em>.</em></strong></span> <span class='ocrx_word' id='word_1_67' title='bbox 1227 736 1285 778; x_wconf 85' lang='lat' dir='ltr'><em>Et</em></span> <span class='ocrx_word' id='word_1_68' title='bbox 1307 744 1361 779; x_wconf 88' lang='lat' dir='ltr'><em>ut</em></span> <span class='ocrx_word' id='word_1_69' title='bbox 1382 737 1476 780; x_wconf 84' lang='lat' dir='ltr'><em>alia</em></span> 
     </span>
     <span class='ocr_line' id='line_1_11' title="bbox 170 798 1481 858; baseline -0.002 -18"><span class='ocrx_word' id='word_1_70' title='bbox 170 798 310 857; x_wconf 81' lang='lat' dir='ltr'>plura</span> <span class='ocrx_word' id='word_1_71' title='bbox 342 798 523 841; x_wconf 87' lang='lat' dir='ltr'><em>silentio</em></span> <span class='ocrx_word' id='word_1_72' title='bbox 556 803 914 858; x_wconf 74' lang='lat' dir='ltr'>praetermittam,</span> <span class='ocrx_word' id='word_1_73' title='bbox 945 801 993 841; x_wconf 90' lang='lat' dir='ltr'><em>in</em></span> <span class='ocrx_word' id='word_1_74' title='bbox 1033 806 1326 841; x_wconf 83' lang='lat' dir='ltr'><em>excretorum</em></span> <span class='ocrx_word' id='word_1_75' title='bbox 1370 811 1481 839; x_wconf 85' lang='lat' dir='ltr'><em>con-</em></span> 
     </span>
     <span class='ocr_line' id='line_1_12' title="bbox 170 857 1482 917; baseline -0.002 -16"><span class='ocrx_word' id='word_1_76' title='bbox 170 859 419 901; x_wconf 83' lang='lat' dir='ltr'><em>densorum</em></span> <span class='ocrx_word' id='word_1_77' title='bbox 449 875 588 902; x_wconf 86' lang='lat' dir='ltr'><em>censu</em></span> <span class='ocrx_word' id='word_1_78' title='bbox 620 860 832 903; x_wconf 84' lang='lat' dir='ltr'>habenda</span> <span class='ocrx_word' id='word_1_79' title='bbox 862 868 930 903; x_wconf 86' lang='lat' dir='ltr'><em>est</em></span> <span class='ocrx_word' id='word_1_80' title='bbox 960 858 1128 917; x_wconf 83' lang='lat' dir='ltr'>glauca</span> <span class='ocrx_word' id='word_1_81' title='bbox 1156 857 1354 907; x_wconf 81' lang='lat' dir='ltr'>nebula,</span> <span class='ocrx_word' id='word_1_82' title='bbox 1387 871 1482 915; x_wconf 80' lang='lat' dir='ltr'><em>qua</em></span> 
     </span>
     <span class='ocr_line' id='line_1_13' title="bbox 176 918 1482 978; baseline -0.001 -19"><span class='ocrx_word' id='word_1_83' title='bbox 176 918 341 977; x_wconf 87' lang='lat' dir='ltr'>plantae</span> <span class='ocrx_word' id='word_1_84' title='bbox 375 934 486 978; x_wconf 83' lang='lat' dir='ltr'><em>saepe</em></span> <span class='ocrx_word' id='word_1_85' title='bbox 510 919 842 965; x_wconf 84' lang='lat' dir='ltr'>suffunduntur</span> <span class='ocrx_word' id='word_1_86' title='bbox 867 951 877 963; x_wconf 84' lang='lat'><strong><em>.</em></strong></span> <span class='ocrx_word' id='word_1_87' title='bbox 904 919 1091 962; x_wconf 84' lang='lat' dir='ltr'>Nebula</span> <span class='ocrx_word' id='word_1_88' title='bbox 1122 921 1245 961; x_wconf 86' lang='lat' dir='ltr'><em>enim</em></span> <span class='ocrx_word' id='word_1_89' title='bbox 1288 920 1376 959; x_wconf 85' lang='lat' dir='ltr'><em>ista</em></span> <span class='ocrx_word' id='word_1_90' title='bbox 1405 931 1482 959; x_wconf 84' lang='lat' dir='ltr'><em>ce·-</em></span> 
     </span>
     <span class='ocr_line' id='line_1_14' title="bbox 172 978 1484 1040; baseline -0.002 -19"><span class='ocrx_word' id='word_1_91' title='bbox 172 994 255 1021; x_wconf 82' lang='lat' dir='ltr'><em>reae</em></span> <span class='ocrx_word' id='word_1_92' title='bbox 287 978 383 1021; x_wconf 85' lang='lat' dir='ltr'><strong>fere</strong></span> <span class='ocrx_word' id='word_1_93' title='bbox 413 979 583 1024; x_wconf 82' lang='lat' dir='ltr'><em>indolis</em></span> <span class='ocrx_word' id='word_1_94' title='bbox 614 991 700 1032; x_wconf 87' lang='lat' dir='ltr'>est,</span> <span class='ocrx_word' id='word_1_95' title='bbox 732 997 830 1040; x_wconf 86' lang='lat' dir='ltr'><em>quae</em></span> <span class='ocrx_word' id='word_1_96' title='bbox 860 983 908 1022; x_wconf 90' lang='lat' dir='ltr'><em>in</em></span> <span class='ocrx_word' id='word_1_97' title='bbox 938 979 1149 1022; x_wconf 86' lang='lat' dir='ltr'><em>alcohole</em></span> <span class='ocrx_word' id='word_1_98' title='bbox 1181 986 1379 1029; x_wconf 82' lang='lat' dir='ltr'>tantum,</span> <span class='ocrx_word' id='word_1_99' title='bbox 1400 991 1484 1019; x_wconf 78' lang='lat' dir='ltr'><em>nee</em></span> 
     </span>
     <span class='ocr_line' id='line_1_15' title="bbox 172 1037 1486 1100; baseline -0.001 -20"><span class='ocrx_word' id='word_1_100' title='bbox 172 1041 221 1080; x_wconf 88' lang='lat' dir='ltr'><em>in</em></span> <span class='ocrx_word' id='word_1_101' title='bbox 254 1055 376 1097; x_wconf 80' lang='lat' dir='ltr'>aqua</span> <span class='ocrx_word' id='word_1_102' title='bbox 402 1039 599 1084; x_wconf 84' lang='lat' dir='ltr'><em>solvitur</em></span> <span class='ocrx_word' id='word_1_103' title='bbox 629 1058 640 1092; x_wconf 92' lang='lat'>;</span> <span class='ocrx_word' id='word_1_104' title='bbox 665 1041 766 1084; x_wconf 86' lang='lat' dir='ltr'><em>ideo</em></span> <span class='ocrx_word' id='word_1_105' title='bbox 793 1040 963 1100; x_wconf 86' lang='lat' dir='ltr'><em>plantis</em></span> <span class='ocrx_word' id='word_1_106' title='bbox 993 1055 1135 1098; x_wconf 81' lang='lat' dir='ltr'><em>prope</em></span> <span class='ocrx_word' id='word_1_107' title='bbox 1164 1054 1288 1082; x_wconf 83' lang='lat' dir='ltr'>mare</span> <span class='ocrx_word' id='word_1_108' title='bbox 1318 1037 1486 1095; x_wconf 82' lang='lat' dir='ltr'><strong>degen-</strong></span> 
     </span>
     <span class='ocr_line' id='line_1_16' title="bbox 175 1099 1485 1159; baseline -0.002 -19"><span class='ocrx_word' id='word_1_109' title='bbox 175 1100 327 1151; x_wconf 82' lang='lat' dir='ltr'><strong>tibus,</strong></span> <span class='ocrx_word' id='word_1_110' title='bbox 363 1108 409 1143; x_wconf 85' lang='lat' dir='ltr'><em>et</em></span> <span class='ocrx_word' id='word_1_111' title='bbox 440 1103 584 1144; x_wconf 86' lang='lat' dir='ltr'><em>nimia</em></span> <span class='ocrx_word' id='word_1_112' title='bbox 608 1101 886 1144; x_wconf 84' lang='lat' dir='ltr'>humiditate</span> <span class='ocrx_word' id='word_1_113' title='bbox 921 1099 1311 1159; x_wconf 83' lang='lat' dir='ltr'>corruptibilibus</span> <span class='ocrx_word' id='word_1_114' title='bbox 1341 1111 1485 1155; x_wconf 85' lang='lat' dir='ltr'><em>pecu-</em></span> 
     </span>
     <span class='ocr_line' id='line_1_17' title="bbox 173 1159 1483 1221; baseline -0.002 -21"><span class='ocrx_word' id='word_1_115' title='bbox 173 1159 303 1201; x_wconf 88' lang='lat' dir='ltr'><em>liaris</em></span> <span class='ocrx_word' id='word_1_116' title='bbox 323 1191 335 1211; x_wconf 88' lang='lat'><strong>,</strong></span> <span class='ocrx_word' id='word_1_117' title='bbox 386 1160 658 1221; x_wconf 85' lang='lat' dir='ltr'>detersaque</span> <span class='ocrx_word' id='word_1_118' title='bbox 709 1177 830 1205; x_wconf 86' lang='lat' dir='ltr'><em>nunc</em></span> <span class='ocrx_word' id='word_1_119' title='bbox 864 1163 1018 1204; x_wconf 85' lang='lat' dir='ltr'>statim</span> <span class='ocrx_word' id='word_1_120' title='bbox 1067 1160 1216 1211; x_wconf 83' lang='lat' dir='ltr'><em>redit,</em></span> <span class='ocrx_word' id='word_1_121' title='bbox 1247 1171 1369 1201; x_wconf 84' lang='lat' dir='ltr'><em>nunc</em></span> <span class='ocrx_word' id='word_1_122' title='bbox 1394 1160 1483 1199; x_wconf 85' lang='lat' dir='ltr'><em>mi·-</em></span> 
     </span>
     <span class='ocr_line' id='line_1_18' title="bbox 180 1235 439 1262; baseline -0.012 -2"><span class='ocrx_word' id='word_1_123' title='bbox 180 1235 302 1261; x_wconf 84' lang='lat' dir='ltr'>nnne</span> <span class='ocrx_word' id='word_1_124' title='bbox 329 1250 340 1262; x_wconf 89' lang='lat'><strong><em>.</em></strong></span> <span class='ocrx_word' id='word_1_125' title='bbox 436 1255 439 1257; x_wconf 74' lang='grc'>,</span> 
     </span>
    </p>

    <p class='ocr_par' dir='ltr' id='par_1_3' title="bbox 174 1278 1500 1942">
     <span class='ocr_line' id='line_1_19' title="bbox 235 1278 1481 1338; baseline -0.002 -17"><span class='ocrx_word' id='word_1_126' title='bbox 235 1279 281 1334; x_wconf 79' lang='lat'><em>§.</em></span> <span class='ocrx_word' id='word_1_127' title='bbox 312 1278 414 1323; x_wconf 83' lang='lat'><strong>316.</strong></span> <span class='ocrx_word' id='word_1_128' title='bbox 445 1279 644 1324; x_wconf 80' lang='lat' dir='ltr'><em>Robinia</em></span> <span class='ocrx_word' id='word_1_129' title='bbox 692 1283 867 1324; x_wconf 78' lang='lat' dir='ltr'><em>viscosa</em></span> <span class='ocrx_word' id='word_1_130' title='bbox 902 1313 913 1331; x_wconf 94' lang='lat'>,</span> <span class='ocrx_word' id='word_1_131' title='bbox 962 1278 1261 1338; x_wconf 73' lang='lat' dir='ltr'><em>Gypsoplzyla</em></span> <span class='ocrx_word' id='word_1_132' title='bbox 1289 1279 1481 1328; x_wconf 78' lang='lat' dir='ltr'><em>viscosa,</em></span> 
     </span>
     <span class='ocr_line' id='line_1_20' title="bbox 180 1338 1491 1397; baseline -0.002 -16"><span class='ocrx_word' id='word_1_133' title='bbox 180 1339 398 1395; x_wconf 77' lang='lat' dir='ltr'><em>Physalis</em></span> <span class='ocrx_word' id='word_1_134' title='bbox 431 1344 600 1383; x_wconf 76' lang='lat' dir='ltr'><em>viscosa</em></span> <span class='ocrx_word' id='word_1_135' title='bbox 613 1373 630 1396; x_wconf 86' lang='lat'><em>,</em></span> <span class='ocrx_word' id='word_1_136' title='bbox 659 1341 806 1385; x_wconf 85' lang='lat' dir='ltr'><em>Alnus</em></span> <span class='ocrx_word' id='word_1_137' title='bbox 835 1341 1063 1397; x_wconf 81' lang='lat' dir='ltr'><em>glutinosa</em></span> <span class='ocrx_word' id='word_1_138' title='bbox 1083 1372 1095 1391; x_wconf 91' lang='lat'><strong>,</strong></span> <span class='ocrx_word' id='word_1_139' title='bbox 1145 1338 1395 1382; x_wconf 86' lang='lat' dir='ltr'><em>Calendula</em></span> <span class='ocrx_word' id='word_1_140' title='bbox 1425 1341 1491 1379; x_wconf 89' lang='lat' dir='ltr'><em>vi-</em></span> 
     </span>
     <span class='ocr_line' id='line_1_21' title="bbox 175 1396 1492 1456; baseline -0.001 -16"><span class='ocrx_word' id='word_1_141' title='bbox 175 1413 323 1449; x_wconf 80' lang='lat' dir='ltr'><em>scosa,</em></span> <span class='ocrx_word' id='word_1_142' title='bbox 345 1399 584 1442; x_wconf 85' lang='lat' dir='ltr'><em>Dodonaea</em></span> <span class='ocrx_word' id='word_1_143' title='bbox 619 1404 804 1452; x_wconf 77' lang='lat' dir='ltr'><em>viscosa,</em></span> <span class='ocrx_word' id='word_1_144' title='bbox 835 1401 1047 1443; x_wconf 86' lang='lat' dir='ltr'><em>Solanum</em></span> <span class='ocrx_word' id='word_1_145' title='bbox 1075 1400 1366 1456; x_wconf 82' lang='lat' dir='ltr'><em>glutinosum,</em></span> <span class='ocrx_word' id='word_1_146' title='bbox 1393 1396 1492 1440; x_wconf 87' lang='lat' dir='ltr'><em>Ro-</em></span> 
     </span>
     <span class='ocr_line' id='line_1_22' title="bbox 176 1458 1493 1517; baseline -0.002 -17"><span class='ocrx_word' id='word_1_147' title='bbox 176 1474 231 1500; x_wconf 84' lang='lat' dir='ltr'><em>sa</em></span> <span class='ocrx_word' id='word_1_148' title='bbox 260 1459 519 1513; x_wconf 77' lang='lat' dir='ltr'><em>glutinosa,</em></span> <span class='ocrx_word' id='word_1_149' title='bbox 552 1459 709 1517; x_wconf 84' lang='lat' dir='ltr'>plures</span> <span class='ocrx_word' id='word_1_150' title='bbox 738 1460 938 1503; x_wconf 85' lang='lat' dir='ltr'><em>Sileneos</em></span> <span class='ocrx_word' id='word_1_151' title='bbox 999 1462 1170 1517; x_wconf 82' lang='lat' dir='ltr'><em>species</em></span> <span class='ocrx_word' id='word_1_152' title='bbox 1204 1490 1216 1510; x_wconf 89' lang='lat'><em>‚</em></span> <span class='ocrx_word' id='word_1_153' title='bbox 1263 1458 1493 1500; x_wconf 85' lang='lat' dir='ltr'><em>Grindelia</em></span> 
     </span>
     <span class='ocr_line' id='line_1_23' title="bbox 174 1518 1487 1576; baseline 0 -18"><span class='ocrx_word' id='word_1_154' title='bbox 174 1518 404 1574; x_wconf 73' lang='lat' dir='ltr'><em>glutinosa</em></span> <span class='ocrx_word' id='word_1_155' title='bbox 425 1552 438 1570; x_wconf 89' lang='lat'>,</span> <span class='ocrx_word' id='word_1_156' title='bbox 466 1518 607 1561; x_wconf 86' lang='lat' dir='ltr'><em>Inula</em></span> <span class='ocrx_word' id='word_1_157' title='bbox 634 1522 824 1570; x_wconf 84' lang='lat' dir='ltr'><em>viscosa,</em></span> <span class='ocrx_word' id='word_1_158' title='bbox 858 1519 1176 1576; x_wconf 84' lang='lat' dir='ltr'><em>Pelargonium</em></span> <span class='ocrx_word' id='word_1_159' title='bbox 1199 1518 1487 1575; x_wconf 85' lang='lat' dir='ltr'><em>glutinosum,</em></span> 
     </span>
     <span class='ocr_line' id='line_1_24' title="bbox 178 1576 1494 1637; baseline -0.001 -18"><span class='ocrx_word' id='word_1_160' title='bbox 178 1578 373 1620; x_wconf 85' lang='lat' dir='ltr'><em>Psiadia</em></span> <span class='ocrx_word' id='word_1_161' title='bbox 401 1579 632 1636; x_wconf 79' lang='lat' dir='ltr'><em>glutinosa</em></span> <span class='ocrx_word' id='word_1_162' title='bbox 661 1612 672 1631; x_wconf 95' lang='lat'><strong>,</strong></span> <span class='ocrx_word' id='word_1_163' title='bbox 706 1579 771 1622; x_wconf 88' lang='lat' dir='ltr'><em>M</em></span> <span class='ocrx_word' id='word_1_164' title='bbox 763 1593 984 1637; x_wconf 77' lang='lat' dir='ltr'><em>yoporum</em></span> <span class='ocrx_word' id='word_1_165' title='bbox 1034 1583 1246 1622; x_wconf 75' lang='lat' dir='ltr'><em>viscosum</em></span> <span class='ocrx_word' id='word_1_166' title='bbox 1268 1606 1280 1628; x_wconf 87' lang='lat'><strong>,</strong></span> <span class='ocrx_word' id='word_1_167' title='bbox 1313 1576 1494 1633; x_wconf 76' lang='lat' dir='ltr'><em>Cotyle-</em></span> 
     </span>
     <span class='ocr_line' id='line_1_25' title="bbox 183 1636 1498 1692; baseline -0.002 -12"><span class='ocrx_word' id='word_1_168' title='bbox 183 1640 274 1680; x_wconf 88' lang='lat' dir='ltr'><em>don</em></span> <span class='ocrx_word' id='word_1_169' title='bbox 324 1642 496 1682; x_wconf 85' lang='lat' dir='ltr'><em>viscosa</em></span> <span class='ocrx_word' id='word_1_170' title='bbox 520 1669 532 1692; x_wconf 83' lang='lat'><strong>,</strong></span> <span class='ocrx_word' id='word_1_171' title='bbox 564 1639 695 1682; x_wconf 86' lang='lat' dir='ltr'><em>Cicer</em></span> <span class='ocrx_word' id='word_1_172' title='bbox 745 1642 979 1682; x_wconf 83' lang='lat' dir='ltr'><em>arietinum</em></span> <span class='ocrx_word' id='word_1_173' title='bbox 1010 1672 1020 1690; x_wconf 91' lang='lat'>‚</span> <span class='ocrx_word' id='word_1_174' title='bbox 1054 1640 1262 1682; x_wconf 82' lang='lat' dir='ltr'><em>Droserae</em></span> <span class='ocrx_word' id='word_1_175' title='bbox 1284 1668 1302 1691; x_wconf 84' lang='lat'><em>,</em></span> <span class='ocrx_word' id='word_1_176' title='bbox 1330 1636 1498 1678; x_wconf 86' lang='lat' dir='ltr'><em>Marti-</em></span> 
     </span>
     <span class='ocr_line' id='line_1_26' title="bbox 184 1695 1500 1759; baseline -0.002 -19"><span class='ocrx_word' id='word_1_177' title='bbox 184 1702 263 1741; x_wconf 83' lang='lat' dir='ltr'><em>nia</em></span> <span class='ocrx_word' id='word_1_178' title='bbox 293 1700 485 1742; x_wconf 82' lang='lat' dir='ltr'><em>diandra</em></span> <span class='ocrx_word' id='word_1_179' title='bbox 506 1730 517 1752; x_wconf 88' lang='lat'><strong><em>,</em></strong></span> <span class='ocrx_word' id='word_1_180' title='bbox 551 1708 598 1742; x_wconf 82' lang='lat' dir='ltr'><em>et</em></span> <span class='ocrx_word' id='word_1_181' title='bbox 618 1699 919 1759; x_wconf 79' lang='lat' dir='ltr'><em>proboscidea</em></span> <span class='ocrx_word' id='word_1_182' title='bbox 943 1729 955 1751; x_wconf 81' lang='lat'><strong>,</strong></span> <span class='ocrx_word' id='word_1_183' title='bbox 980 1697 1147 1741; x_wconf 84' lang='lat' dir='ltr'>florum</span> <span class='ocrx_word' id='word_1_184' title='bbox 1176 1705 1349 1748; x_wconf 85' lang='lat' dir='ltr'><em>nectar,</em></span> <span class='ocrx_word' id='word_1_185' title='bbox 1372 1695 1500 1739; x_wconf 86' lang='lat' dir='ltr'><em>oleo-</em></span> 
     </span>
     <span class='ocr_line' id='line_1_27' title="bbox 181 1755 1500 1820; baseline -0.002 -19"><span class='ocrx_word' id='word_1_186' title='bbox 181 1774 324 1818; x_wconf 87' lang='lat' dir='ltr'>saque</span> <span class='ocrx_word' id='word_1_187' title='bbox 354 1763 587 1812; x_wconf 86' lang='lat' dir='ltr'><em>materies,</em></span> <span class='ocrx_word' id='word_1_188' title='bbox 614 1776 713 1820; x_wconf 80' lang='lat' dir='ltr'><em>quae</em></span> <span class='ocrx_word' id='word_1_189' title='bbox 742 1759 976 1818; x_wconf 81' lang='lat' dir='ltr'>aquatiles</span> <span class='ocrx_word' id='word_1_190' title='bbox 1006 1760 1154 1802; x_wconf 89' lang='lat' dir='ltr'><em>illinit</em></span> <span class='ocrx_word' id='word_1_191' title='bbox 1186 1757 1384 1817; x_wconf 82' lang='lat' dir='ltr'><em>plantas,</em></span> <span class='ocrx_word' id='word_1_192' title='bbox 1402 1755 1500 1799; x_wconf 86' lang='lat' dir='ltr'><em>for-</em></span> 
     </span>
     <span class='ocr_line' id='line_1_28' title="bbox 183 1818 1498 1879; baseline -0.002 -18"><span class='ocrx_word' id='word_1_193' title='bbox 183 1827 229 1862; x_wconf 81' lang='lat' dir='ltr'><em>te</em></span> <span class='ocrx_word' id='word_1_194' title='bbox 260 1836 316 1862; x_wconf 84' lang='lat' dir='ltr'><em>ne</em></span> <span class='ocrx_word' id='word_1_195' title='bbox 362 1834 484 1879; x_wconf 87' lang='lat' dir='ltr'>aqua</span> <span class='ocrx_word' id='word_1_196' title='bbox 539 1820 637 1864; x_wconf 91' lang='lat' dir='ltr'><em>illis</em></span> <span class='ocrx_word' id='word_1_197' title='bbox 685 1820 855 1865; x_wconf 82' lang='lat' dir='ltr'><em>officiat</em></span> <span class='ocrx_word' id='word_1_198' title='bbox 877 1853 890 1873; x_wconf 87' lang='lat'><strong>,</strong></span> <span class='ocrx_word' id='word_1_199' title='bbox 924 1829 1221 1863; x_wconf 80' lang='lat' dir='ltr'><em>excretorum</em></span> <span class='ocrx_word' id='word_1_200' title='bbox 1251 1818 1498 1868; x_wconf 80' lang='lat' dir='ltr'><em>tenacium,</em></span> 
     </span>
     <span class='ocr_line' id='line_1_29' title="bbox 182 1880 1056 1942; baseline 0.003 -20"><span class='ocrx_word' id='word_1_201' title='bbox 182 1880 512 1941; x_wconf 81' lang='lat' dir='ltr'>lentorumque</span> <span class='ocrx_word' id='word_1_202' title='bbox 543 1883 747 1941; x_wconf 85' lang='lat' dir='ltr'>praebent</span> <span class='ocrx_word' id='word_1_203' title='bbox 778 1883 1025 1942; x_wconf 82' lang='lat' dir='ltr'><em>imaginem</em></span> <span class='ocrx_word' id='word_1_204' title='bbox 1045 1912 1056 1925; x_wconf 90' lang='lat'><strong><em>.</em></strong></span> 
     </span>
    </p>
   </div>
   <div class='ocr_carea' id='block_1_3' title="bbox 1282 1999 1500 2013">
    <p class='ocr_par' dir='ltr' id='par_1_4' title="bbox 1282 1999 1500 2013">
     <span class='ocr_line' id='line_1_30' title="bbox 1282 1999 1500 2013; baseline 0 550"><span class='ocrx_word' id='word_1_205' title='bbox 1282 1999 1500 2013; x_wconf 95' lang='lat' dir='ltr'><em> </em></span> 
     </span>
    </p>
   </div>
   <div class='ocr_carea' id='block_1_4' title="bbox 187 2079 1509 2266">
    <p class='ocr_par' dir='ltr' id='par_1_5' title="bbox 187 2079 1509 2266">
     <span class='ocr_line' id='line_1_31' title="bbox 231 2079 1508 2127; baseline 0.003 -14"><span class='ocrx_word' id='word_1_206' title='bbox 231 2079 286 2123; x_wconf 89' lang='lat'><em>(*)</em></span> <span class='ocrx_word' id='word_1_207' title='bbox 309 2079 415 2121; x_wconf 81' lang='lat' dir='ltr'>Sunt,</span> <span class='ocrx_word' id='word_1_208' title='bbox 434 2082 496 2127; x_wconf 83' lang='lat' dir='ltr'><em>qui</em></span> <span class='ocrx_word' id='word_1_209' title='bbox 515 2089 653 2127; x_wconf 76' lang='lat' dir='ltr'>putent,</span> <span class='ocrx_word' id='word_1_210' title='bbox 674 2082 747 2116; x_wconf 83' lang='lat' dir='ltr'><em>sive</em></span> <span class='ocrx_word' id='word_1_211' title='bbox 765 2081 947 2125; x_wconf 77' lang='lat' dir='ltr'><em>thus,sive</em></span> <span class='ocrx_word' id='word_1_212' title='bbox 965 2080 1147 2127; x_wconf 78' lang='lat' dir='ltr'>myrtham</span> <span class='ocrx_word' id='word_1_213' title='bbox 1165 2081 1312 2117; x_wconf 84' lang='lat' dir='ltr'><em>excerni</em></span> <span class='ocrx_word' id='word_1_214' title='bbox 1334 2081 1379 2116; x_wconf 80' lang='lat' dir='ltr'><em>ab</em></span> <span class='ocrx_word' id='word_1_215' title='bbox 1396 2081 1508 2123; x_wconf 77' lang='lat' dir='ltr'><em>Amy-</em></span> 
     </span>
     <span class='ocr_line' id='line_1_32' title="bbox 187 2127 1507 2176; baseline 0.003 -19"><span class='ocrx_word' id='word_1_216' title='bbox 187 2127 264 2158; x_wconf 82' lang='lat' dir='ltr'><em>ride</em></span> <span class='ocrx_word' id='word_1_217' title='bbox 286 2127 405 2170; x_wconf 81' lang='lat' dir='ltr'><em>Kataf</em></span> <span class='ocrx_word' id='word_1_218' title='bbox 425 2128 549 2162; x_wconf 82' lang='lat' dir='ltr'>Forsk.</span> <span class='ocrx_word' id='word_1_219' title='bbox 572 2127 1067 2176; x_wconf 76' lang='lat' dir='ltr'>F1.AEgypti0-arab.p.80.</span> <span class='ocrx_word' id='word_1_220' title='bbox 1092 2130 1201 2174; x_wconf 68' lang='lat'><strong>¹¹·49·</strong></span> <span class='ocrx_word' id='word_1_221' title='bbox 1217 2153 1225 2170; x_wconf 80' lang='grc'><em>,</em></span> <span class='ocrx_word' id='word_1_222' title='bbox 1241 2138 1301 2163; x_wconf 81' lang='lat' dir='ltr'><em>aut</em></span> <span class='ocrx_word' id='word_1_223' title='bbox 1321 2129 1366 2162; x_wconf 85' lang='lat' dir='ltr'><em>ab</em></span> <span class='ocrx_word' id='word_1_224' title='bbox 1390 2129 1507 2169; x_wconf 77' lang='lat' dir='ltr'><em>Amy-</em></span> 
     </span>
     <span class='ocr_line' id='line_1_33' title="bbox 190 2173 1508 2221; baseline 0.002 -18"><span class='ocrx_word' id='word_1_225' title='bbox 190 2173 265 2203; x_wconf 76' lang='lat' dir='ltr'><em>ride</em></span> <span class='ocrx_word' id='word_1_226' title='bbox 293 2173 405 2216; x_wconf 82' lang='lat' dir='ltr'><em>Kasal</em></span> <span class='ocrx_word' id='word_1_227' title='bbox 428 2173 592 2219; x_wconf 84' lang='lat' dir='ltr'>ejusdem</span> <span class='ocrx_word' id='word_1_228' title='bbox 614 2178 769 2210; x_wconf 82' lang='lat' dir='ltr'><em>auctoris</em></span> <span class='ocrx_word' id='word_1_229' title='bbox 795 2176 819 2210; x_wconf 90' lang='lat' dir='ltr'><em>l.</em></span> <span class='ocrx_word' id='word_1_230' title='bbox 837 2189 870 2211; x_wconf 91' lang='lat' dir='ltr'><em>c.</em></span> <span class='ocrx_word' id='word_1_231' title='bbox 894 2175 1098 2208; x_wconf 77' lang='lat' dir='ltr'><em>Forskoiius</em></span> <span class='ocrx_word' id='word_1_232' title='bbox 1123 2176 1266 2221; x_wconf 78' lang='lat' dir='ltr'><em>quidem</em></span> <span class='ocrx_word' id='word_1_233' title='bbox 1286 2174 1380 2208; x_wconf 87' lang='lat' dir='ltr'><em>nihil</em></span> <span class='ocrx_word' id='word_1_234' title='bbox 1398 2175 1508 2207; x_wconf 79' lang='lat' dir='ltr'>habet</span> 
     </span>
     <span class='ocr_line' id='line_1_34' title="bbox 192 2218 1509 2266; baseline 0.002 -17"><span class='ocrx_word' id='word_1_235' title='bbox 192 2219 236 2250; x_wconf 85' lang='lat' dir='ltr'><em>de</em></span> <span class='ocrx_word' id='word_1_236' title='bbox 258 2218 322 2252; x_wconf 82' lang='lat' dir='ltr'><em>hac</em></span> <span class='ocrx_word' id='word_1_237' title='bbox 346 2220 505 2266; x_wconf 83' lang='lat' dir='ltr'><em>re,idque</em></span> <span class='ocrx_word' id='word_1_238' title='bbox 521 2229 660 2255; x_wconf 81' lang='lat' dir='ltr'>tantum</span> <span class='ocrx_word' id='word_1_239' title='bbox 686 2222 787 2262; x_wconf 81' lang='lat' dir='ltr'><em>dicit,</em></span> <span class='ocrx_word' id='word_1_240' title='bbox 815 2222 903 2256; x_wconf 78' lang='lat' dir='ltr'><em>alias</em></span> <span class='ocrx_word' id='word_1_241' title='bbox 927 2222 1015 2256; x_wconf 77' lang='lat' dir='ltr'><em>duas</em></span> <span class='ocrx_word' id='word_1_242' title='bbox 1036 2222 1182 2256; x_wconf 75' lang='lat' dir='ltr'><em>arbores</em></span> <span class='ocrx_word' id='word_1_243' title='bbox 1205 2233 1281 2256; x_wconf 86' lang='lat' dir='ltr'><em>esse</em></span> <span class='ocrx_word' id='word_1_244' title='bbox 1303 2222 1378 2254; x_wconf 78' lang='lat' dir='ltr'><em>istis</em></span> <span class='ocrx_word' id='word_1_245' title='bbox 1408 2220 1509 2253; x_wconf 85' lang='lat' dir='ltr'><em>simi·</em></span> 
     </span>
    </p>
   </div>
   <div class='ocr_carea' id='block_1_5' title="bbox 195 2264 1510 2351">
    <p class='ocr_par' dir='ltr' id='par_1_6' title="bbox 195 2264 1510 2351">
     <span class='ocr_line' id='line_1_35' title="bbox 195 2264 1510 2313; baseline 0.004 -16"><span class='ocrx_word' id='word_1_246' title='bbox 195 2264 247 2297; x_wconf 78' lang='lat' dir='ltr'><em>les</em></span> <span class='ocrx_word' id='word_1_247' title='bbox 263 2288 271 2304; x_wconf 85' lang='lat'>‚</span> <span class='ocrx_word' id='word_1_248' title='bbox 290 2276 438 2309; x_wconf 83' lang='lat' dir='ltr'>quarum</span> <span class='ocrx_word' id='word_1_249' title='bbox 473 2278 544 2301; x_wconf 83' lang='lat' dir='ltr'><em>una</em></span> <span class='ocrx_word' id='word_1_250' title='bbox 574 2268 619 2301; x_wconf 82' lang='lat' dir='ltr'><em>ab</em></span> <span class='ocrx_word' id='word_1_251' title='bbox 654 2269 833 2302; x_wconf 80' lang='lat' dir='ltr'>Arabibus</span> <span class='ocrx_word' id='word_1_252' title='bbox 878 2277 1027 2304; x_wconf 72' lang='lat' dir='ltr'><em>vocatur</em></span> <span class='ocrx_word' id='word_1_253' title='bbox 1049 2270 1172 2305; x_wconf 82' lang='lat' dir='ltr'><em>Arbor</em></span> <span class='ocrx_word' id='word_1_254' title='bbox 1205 2270 1356 2313; x_wconf 66' lang='lat' dir='ltr'><em>myrrha</em></span> <span class='ocrx_word' id='word_1_255' title='bbox 1371 2280 1385 2307; x_wconf 91' lang='grc'><em>,·</em></span> <span class='ocrx_word' id='word_1_256' title='bbox 1406 2274 1442 2301; x_wconf 75' lang='lat' dir='ltr'><em>at</em></span> <span class='ocrx_word' id='word_1_257' title='bbox 1465 2266 1510 2300; x_wconf 78' lang='lat' dir='ltr'><em>de</em></span> 
     </span>
     <span class='ocr_line' id='line_1_36' title="bbox 198 2310 913 2351; baseline 0.007 -6"><span class='ocrx_word' id='word_1_258' title='bbox 198 2310 468 2348; x_wconf 70' lang='lat' dir='ltr'><em>characteribus</em></span> <span class='ocrx_word' id='word_1_259' title='bbox 491 2324 616 2349; x_wconf 73' lang='lat' dir='ltr'>earum</span> <span class='ocrx_word' id='word_1_260' title='bbox 633 2315 786 2350; x_wconf 82' lang='lat' dir='ltr'><em>omnino</em></span> <span class='ocrx_word' id='word_1_261' title='bbox 804 2316 886 2351; x_wconf 72' lang='lat' dir='ltr'><em>silet</em></span> <span class='ocrx_word' id='word_1_262' title='bbox 902 2339 913 2350; x_wconf 90' lang='lat'><strong>.</strong></span> 
     </span>
    </p>
   </div>
  </div>
 </body>
</html>
