1669 2563
248 118 333 168 244

249 219 489 271 Tricocca‚
520 216 800 260 trilocularis
823 250 834 268 ‚
865 226 910 258 et
940 215 1082 258 veluti
1107 230 1161 256 ex
1195 215 1343 258 tribus
1373 230 1478 256 con-

185 279 438 337 ceptaculis
474 279 675 337 globosis
698 312 709 330 ,
760 278 985 319 distinctis
1013 309 1023 326 ‚
1075 284 1120 317 et
1174 275 1312 317 simul
1362 278 1481 317 natis

183 340 379 381 formata
407 373 416 381 .

247 400 449 456 Cynam,
477 397 689 449 bivalvis,
722 405 883 440 sutura
914 395 1140 446 verticali,
1172 396 1326 437 cincta
1369 410 1484 436 anu-

186 458 233 500 lo
263 459 451 502 elastico
474 492 485 510 ‚
517 455 1045 502 concatenato-toruloso
1071 489 1082 507 ,
1122 457 1306 497 demum
1349 455 1484 497 dissi-

185 518 322 561 liente
340 552 350 561 .

244 579 583 635 Pseudogyrata
605 612 617 629 ‚
650 580 875 619 instructa
900 575 1034 633 plicis
1058 608 1069 627 ‚
1103 590 1213 634 saepe
1245 574 1481 617 radiorum

186 642 328 680 instar
364 654 391 680 a
420 640 590 681 vertice
621 639 722 694 ejus
749 638 957 693 expansis
984 669 995 678 .

248 698 292 753 ξ.
331 701 426 740 103.
466 697 614 739 Theca
661 704 728 738 est
777 695 967 753 capsula
998 694 1210 738 foeminea
1238 727 1249 745 ‚
1295 695 1490 735 circum-

189 761 325 800 scissa
345 790 356 807 ‚
389 772 486 814 quae
517 758 760 797 immatura
789 755 1025 797 clauditur
1059 754 1282 813 operculo
1332 769 1492 795 conve-

188 832 248 857 xo
277 848 288 867 ,
320 816 393 857 Vel
429 815 565 873 plano
594 847 605 865 ,
636 814 846 872 calyptra
879 814 1082 856 obducto
1110 847 1120 856 .
1153 814 1344 871 Propria
1378 813 1493 856 Mu-

189 890 385 917 scorum.
418 875 489 916 Ab
521 873 752 931 Hedwigio
783 873 906 914 dicta
946 881 1013 914 est
1052 873 1352 929 Sporangium
1374 905 1391 926 ,
1433 874 1492 914 ab

188 933 418 975 Ehrharto
448 934 719 990 PyxMium,
751 947 779 974 a
808 931 1034 975 Briedelio
1064 932 1265 989 Capsula
1283 965 1294 983 ,
1327 948 1354 974 a
1382 933 1496 974 Lin-

190 1008 281 1049 naeQ
311 992 533 1035 Anthera.
567 992 710 1035 Ludit

249 1051 460 1103 Glolmm,
497 1061 645 1103 ovata,
676 1051 869 1094 obovata
887 1083 898 1102 ,
923 1050 1117 1106 oblonga
1134 1081 1152 1103 ,
1201 1051 1460 1108 ellipsoidea
1483 1084 1494 1101 ‚

188 1113 431 1170 cylindrica
453 1144 465 1164 ,
499 1112 740 1163 turbinata,
772 1112 991 1153 tetraedra
1009 1143 1020 1162 ‚
1056 1111 1279 1152 hexaedra
1303 1142 1314 1153 .

250 1171 415 1214 Erecta
435 1205 445 1223 ,
478 1187 575 1230 quae
599 1171 992 1230 perpendicularis
1025 1185 1206 1212 sursum
1231 1202 1242 1212 .

248 1233 459 1274 Pendula
485 1265 497 1284 ,
528 1247 627 1291 quae
656 1232 714 1274 ad
744 1230 1128 1290 perpendiculum
1183 1228 1351 1272 reflexa
1408 1237 1497 1271 ter-

190 1308 287 1335 ram
317 1307 475 1335 versus
502 1325 512 1334 .

250 1352 497 1395 Declinata
523 1385 534 1403 ,
572 1366 670 1410 quae
706 1349 908 1393 deflectit
951 1366 978 1393 a
1013 1351 1265 1392 directione
1317 1364 1499 1392 sursum

192 1411 562 1471 perpendiculari
586 1445 597 1455 .

251 1471 441 1515 Nutans
469 1505 480 1524 ,
506 1486 603 1530 quae
637 1469 937 1514 horizontalis
965 1503 976 1513 .

249 1533 454 1584 Gemma,
489 1547 585 1590 quae
615 1533 707 1588 jam
738 1547 764 1573 a
790 1532 892 1573 basi
924 1539 1146 1572 curvatur
1167 1563 1176 1572 .

251 1592 511 1634 Subcernaa
529 1625 540 1644 ,
572 1591 691 1634 idest
721 1606 884 1649 parum
915 1600 1106 1632 curvata
1135 1621 1144 1631 .

255 1652 604 1694 Erecto-cernua
622 1685 633 1703 ‚
665 1667 761 1709 quae
793 1658 1014 1692 curvatur
1042 1653 1171 1708 apice
1201 1682 1211 1692 .

253 1712 571 1770 Apophysiata
590 1745 601 1763 ‚
633 1712 732 1754 basi
762 1719 895 1753 aucta
948 1711 1257 1753 excrescentia
1287 1723 1495 1759 carnosa,

194 1771 341 1813 solida
365 1805 376 1823 ‚
410 1772 483 1813 vel
514 1775 639 1814 intus
670 1785 783 1813 cava
807 1803 817 1813 .

191 1832 454 1889 Apophysis
484 1832 621 1873 thecae
651 1831 821 1872 dicitur

250 1890 552 1948 Scroplzulosa
573 1924 583 1942 ,
617 1905 714 1948 quae
745 1904 838 1931 uno
869 1897 1048 1931 tantum
1079 1888 1223 1931 latere
1272 1889 1498 1947 protube-

191 1959 265 1993 rat
288 1984 299 2002 ,
332 1953 455 1993 intus
486 1964 597 1993 cava
616 1983 627 2002 ,
661 1948 936 2008 gongilifera
960 1982 971 1992 .

257 2011 541 2054 Cerviculata
564 2044 575 2062 ‚
611 2025 709 2068 quae
740 2009 814 2053 vel
863 2016 1098 2051 contracta
1128 2010 1175 2049 in
1227 2007 1497 2064 cylindrum

191 2072 392 2122 brevem,
415 2070 490 2114 vel
520 2069 814 2129 subglobosa‚
846 2077 1044 2127 utraque
1067 2071 1193 2111 intus
1223 2083 1351 2121 cava,
1386 2083 1500 2126 gon-

196 2130 397 2188 gylifera
419 2163 428 2173 .

229 2186 528 2248 'Cylindricm
556 2192 726 2241 conica,
759 2189 950 2232 obovata
972 2222 984 2241 ,
1039 2188 1223 2245 globosa
1242 2220 1253 2239 ‚
1305 2187 1497 2247 pyrifor-

196 2253 276 2351 {nis
301 2283 313 2302 ‚
345 2253 582 2310 depressa,
613 2265 640 2293 a
669 2250 833 2293 forma.
865 2251 964 2294 Haec
989 2251 1115 2294 intus
1145 2249 1291 2293 solida
1314 2283 1327 2302 ‚
1360 2252 1494 2293 steri-

220 2326 256 2352 1s
274 2344 284 2353 .
