1669 2563
1402 181 1449 209 11

230 273 292 314 At
333 269 405 314 Cl.
446 269 650 310 Amicius
685 279 920 323 nunquam
961 266 1113 322 potuit
1155 266 1241 310 hoc
1283 282 1361 312 vas
1390 273 1510 315 mix-

234 343 333 375 tum
365 330 571 385 detegere
601 327 903 383 microscopio
936 339 1017 367 suo
1049 325 1289 381 praevalido
1312 360 1324 377 ,
1350 345 1430 374 nec
1461 349 1508 376 se

230 393 395 435 vidisse
426 394 617 429 testatur
649 385 962 428 Dutroehetus
987 417 997 426 .
1033 384 1170 426 Forte
1201 384 1375 429 factum
1405 399 1472 433 est
1494 425 1506 444 ‚

228 461 283 493 ut
313 463 424 507 quas
455 447 654 488 diversas
683 460 896 487 vasorum
927 444 1095 486 formas
1137 448 1403 489 successivis
1437 452 1510 491 in-

230 507 541 569 spectionibus
581 508 757 563 priores
802 506 1114 547 observatores
1156 505 1388 557 viderint,
1435 523 1509 552 eas

228 572 284 612 ad
317 582 485 617 unum,
516 565 728 622 idemque
760 580 838 608 vas
863 567 910 606 in
934 569 1058 606 tanta
1093 579 1247 606 rerum
1284 568 1510 623 parvitate

226 642 464 687 perperam
495 625 740 667 retulerint
760 657 773 677 ,
794 626 880 667 nisi
911 627 1049 666 etiam
1078 625 1322 668 inciderint
1349 627 1397 667 in
1426 642 1508 670 va-

226 705 273 731 sa
312 687 397 729 illa
441 685 638 742 Quercus
685 685 846 728 roboris
869 717 880 736 ,
917 699 1014 742 quae
1049 699 1156 726 cum
1200 687 1318 726 inter
1360 685 1509 729 lineo-

223 749 316 790 lam
336 781 347 799 ‚
384 756 430 788 et
464 745 691 788 lineolam*
712 747 895 804 punctis
925 745 1198 802 prominulis
1242 747 1330 787 sint
1366 746 1509 789 refer-

225 817 271 850 ta
290 842 301 860 ‚
333 808 436 849 ideo
467 821 573 849 vasa
603 808 747 847 mixta
770 839 782 857 ‚
814 814 868 848 ut
898 807 1012 848 bene
1038 805 1225 848 adnotat
1246 805 1508 850 Dutroche-

226 877 299 912 tus
318 902 330 921 ‚
362 867 519 911 eadem
549 874 878 925 nuncuparunt
898 900 910 911 .

674 1013 797 1062 Vasa
841 1019 1029 1079 propria
1051 1046 1062 1060 .

280 1166 325 1222 ξ.
356 1169 428 1221 44.
460 1167 669 1223 Denique
708 1175 814 1209 sunt
842 1170 890 1209 in
939 1167 1109 1225 plantis
1159 1166 1262 1208 tubi
1316 1166 1503 1225 quidam

222 1227 452 1284 simplices
482 1227 815 1270 membranacei
839 1260 851 1279 ,
883 1227 1070 1270 luminis
1092 1228 1150 1270 ab
1180 1229 1272 1268 imo
1292 1228 1349 1268 ad
1384 1243 1504 1269 sum-

222 1301 349 1328 mum
377 1286 561 1344 aequalis
585 1317 596 1336 ,
629 1293 674 1327 et
718 1289 902 1342 majoris
920 1320 931 1338 ‚
963 1303 1102 1344 quam
1144 1289 1192 1328 in
1216 1286 1503 1344 lymphatico

221 1360 326 1388 vase
349 1380 361 1398 ,
394 1346 538 1388 nullis
568 1347 720 1402 poris,
766 1346 842 1388 vel
885 1345 1057 1388 fissuris
1089 1350 1356 1389 transversis
1403 1363 1504 1404 per-

221 1409 344 1456 tusi,
397 1407 636 1447 humorem
689 1404 884 1447 ferentes
933 1408 1184 1462 unicuique
1238 1405 1503 1463 plantarum

221 1467 387 1522 speciei
420 1474 519 1505 tum
550 1479 606 1504 ex
637 1463 860 1518 chymicis
904 1465 1210 1520 qualitatibus
1232 1495 1244 1515 ‚
1296 1472 1396 1506 tum
1443 1481 1502 1508 ex

219 1527 347 1566 vario
381 1525 533 1567 colore
565 1523 846 1580 peculiarem
869 1553 880 1573 ‚
913 1538 996 1565 nec
1042 1531 1191 1564 tamen
1240 1538 1503 1565 excremen-

218 1587 374 1625 titium
398 1617 409 1636 ‚
440 1593 494 1625 ut
522 1583 660 1624 habet
689 1582 1003 1625 Dutrochetus
1029 1613 1039 1623 .
1078 1582 1201 1627 Vasa
1223 1586 1416 1639 propria
1437 1584 1503 1625 di-

219 1653 390 1686 xerunt
421 1645 696 1693 anatomici,
749 1642 874 1701 quod
905 1657 1067 1683 nomen
1115 1643 1174 1684 ab
1222 1642 1369 1685 officio
1402 1659 1500 1685 sor-

218 1709 357 1746 titum
381 1738 390 1747 .
409 1705 646 1761 Simplicia
678 1718 784 1745 casa
813 1701 1047 1761 appellare
1068 1702 1304 1744 maluisset
1328 1703 1501 1746 Mirbe-

218 1765 311 1808 lius
339 1799 349 1816 ‚
382 1774 428 1806 at
459 1766 709 1822 improprie
733 1796 743 1806 .
776 1765 875 1805 Haec
925 1763 1061 1804 modo
1109 1761 1313 1804 solitaria
1364 1772 1498 1816 sunt,

218 1825 354 1867 modo
385 1828 433 1866 in
465 1823 739 1867 fasciculum
770 1823 968 1867 collecta
996 1853 1005 1865 .
1038 1822 1191 1864 Prima
1245 1833 1501 1879 receptacu—

217 1888 413 1928 culorum
443 1900 652 1927 caecorum
673 1918 683 1936 ‚
714 1884 859 1926 altera
891 1884 1264 1940 receptaculorum
1294 1883 1500 1941 fascicu-

217 1948 409 1988 Iatorum
440 1948 620 1987 nomine
651 1962 677 1987 a
709 1945 1038 1988 recentioribus
1068 1944 1259 1986 donata.

276 2008 320 2063 ξ.
353 2011 424 2061 45.
457 2007 552 2048 Nec
584 2021 665 2048 nos
693 2021 799 2048 cum
825 2005 1040 2046 Mariotto
1073 2006 1500 2056 sornniabimus‚va-

219 2083 267 2109 sa
298 2068 482 2126 propria
512 2066 608 2108 fieri
658 2067 921 2108 membrana
968 2064 1189 2108 fasciculo
1238 2064 1499 2122 lignearum

221 2127 439 2170 fibrarum
470 2129 791 2186 eiscumposita
820 2159 830 2177 ‚
862 2128 953 2167 imo
986 2134 1031 2167 et
1051 2127 1219 2184 *ipsam
1269 2127 1498 2167 membra-

220 2203 324 2229 nam
355 2191 480 2230 statis
509 2188 764 2230 intervallis
792 2186 919 2229 fibris
934 2201 1194 2244 percursam
1217 2222 1228 2240 ,
1251 2187 1368 2229 inter
1384 2202 1498 2243 quas

220 2249 364 2289 eidem
398 2248 618 2290 adhaereat
634 2250 872 2307 spongiosa
892 2248 1095 2308 quaedam
1117 2250 1374 2294 substantia
1398 2263 1495 2291 suc-

219 2323 274 2350 co
303 2310 426 2350 varie
456 2307 661 2353 colorato
690 2309 858 2352 referta
879 2342 890 2353 .
