1669 2563
249 127 330 169 128

231 231 277 288 §.
308 232 410 289 387.
441 230 546 284 Quae
569 245 676 273 vero
701 229 848 287 gloria
867 264 878 282 ,
905 229 1044 273 Caesio
1069 230 1290 289 denegata
1308 263 1320 283 ,
1347 230 1473 274 Tho-

173 306 252 332 mae
285 291 594 349 Millingtonio
620 291 869 333 Professori
917 291 1166 332 Oxoniensi
1213 292 1439 333 tribuitur
1460 325 1473 344 ,

174 354 256 409 qui
287 360 389 410 post
409 352 599 394 Caesium
647 354 846 402 monuit,
870 350 1001 392 nulla
1025 359 1175 392 tamen
1198 350 1478 393 demonstra-

173 415 297 454 tione
328 412 534 454 adhibita
557 444 568 462 ‚
613 409 778 453 florum
808 411 1019 452 antheras
1073 414 1252 468 organis
1295 426 1476 452 mascu-

171 471 279 514 linis
312 471 589 514 animalium
622 487 751 530 posse
782 471 1053 529 respondere
1075 504 1089 522 ,
1114 487 1254 528 quam
1287 471 1477 528 quidem

173 548 269 574 rem
302 540 457 590 postea
487 531 644 589 aliquo
668 531 804 573 modo
835 531 1119 588 probandam
1152 533 1350 587 suscepit
1398 532 1477 581 Ja-

173 593 318 634 cobus
337 591 613 649 Rodulphus
642 591 932 635 Camerarius
963 590 1193 633 Professor
1216 591 1477 647 Tubingen-

173 654 250 704 sis,
284 651 504 709 periculis
536 667 672 710 super
706 651 873 702 Zeanz,
903 659 948 692 et
977 651 1184 694 Ricinum
1215 653 1475 701 institutis,

174 713 347 769 quibus
378 711 606 764 ostendit,
636 711 837 754 foeminas
868 711 1033 753 harum
1084 713 1297 768 stirpium
1322 742 1333 761 ,
1366 725 1477 752 con-

173 775 278 813 cisis
310 773 582 813 staminibus
604 803 617 822 ‚
648 771 930 820 sterilescere
953 803 963 813 .
997 772 1125 813 Tunc
1156 785 1264 812 vero
1287 786 1478 828 genera-

173 834 345 873 tionem
368 834 415 872 in
447 831 616 889 plantis
663 830 863 872 ulterius
917 831 1250 872 demonstravit
1303 829 1478 871 Paulus

172 891 426 933 Bocconius
456 906 514 932 ex
554 892 819 931 necessitate
873 890 1117 931 masculini
1168 889 1372 947 pulveris
1419 889 1478 931 ad

172 951 515 993 foecunditatem
544 950 756 991 Pistaciae
791 964 896 991 verce
919 958 1016 991 arte
1037 949 1347 1001 obtinendam,
1369 964 1478 992 cum

173 1013 312 1053 arbor
336 1010 517 1051 foemina
541 1009 679 1050 distat
709 1025 736 1050 a
765 1025 891 1051 mare
926 1041 937 1050 .

233 1071 278 1126 ς.
311 1071 412 1112 388.
443 1070 684 1125 Denique,
716 1068 893 1110 decimo
927 1074 1094 1109 octavo
1128 1065 1284 1108 seculo
1323 1082 1479 1124 super-

173 1133 381 1173 veniente
407 1162 418 1181 ,
440 1144 537 1187 quae
565 1144 634 1170 res
666 1128 891 1185 paulatim
921 1127 1143 1185 dignosci,
1167 1135 1213 1168 et
1244 1127 1365 1167 tradi
1390 1142 1480 1168 coe-

174 1198 333 1248 perat,
365 1188 506 1230 latius
537 1188 752 1246 evulgata
775 1221 787 1240 ,
819 1197 866 1230 et
897 1189 1090 1246 probata
1114 1195 1181 1229 est
1226 1186 1481 1228 sedulitate

177 1249 405 1290 Burkardi
429 1283 441 1301 ,
489 1248 744 1290 Morelandi
768 1279 782 1300 ,
834 1248 1103 1291 Reaumurii
1129 1279 1141 1298 ‚
1193 1242 1432 1288 Geoffroaei
1464 1279 1482 1298 ‚

172 1309 396 1366 Bradlaeyi
416 1342 426 1360 ,
458 1308 675 1351 Bernardi
701 1309 873 1358 Jussiaei
896 1342 907 1361 ,
933 1307 1146 1358 Dillenii,
1174 1306 1356 1358 Blairii,
1396 1307 1480 1348 Mi-

173 1369 342 1420 chelii,
377 1369 620 1412 Vaillantii
646 1401 659 1420 ‚
690 1369 864 1426 Logani
883 1402 896 1421 ‚
923 1376 969 1410 et
1025 1370 1191 1410 summi
1220 1370 1267 1408 in
1319 1369 1481 1424 primis

175 1430 382 1481 Linnaei‚
425 1430 561 1485 cujus
603 1430 860 1471 doctrinam
887 1462 900 1480 ‚
951 1436 998 1470 et
1046 1428 1480 1468 demonstrationem

175 1505 354 1532 omnem
377 1489 431 1531 de
456 1504 567 1531 sexu
582 1521 595 1541 ,
616 1497 660 1532 et
678 1492 966 1548 generatione
987 1487 1249 1547 plantarum
1269 1489 1479 1544 superius

178 1550 453 1592 tradidimus
475 1581 489 1592 .

251 1667 536 1726 Objectiones
569 1676 725 1712 contra
772 1669 1094 1724 generationem
1128 1667 1416 1726 plantarum.

690 1728 942 1787 Responsio
965 1760 976 1771 .

234 1848 278 1905 §.
313 1850 419 1908 389.
448 1848 557 1890 Non
587 1847 852 1899 defuerunt,
885 1849 968 1906 qui
1015 1846 1296 1906 generationi
1344 1844 1478 1903 plan-

174 1916 327 1951 tarum
358 1909 462 1966 plus
483 1911 633 1952 minus
656 1910 1024 1960 adversarentur,
1042 1923 1158 1965 quos
1178 1909 1296 1948 inter
1319 1908 1478 1963 appri-

175 1985 245 2010 me
277 1971 442 2012 enituit
462 1969 809 2027 Spallanzanius
826 2001 837 2011 .
868 1969 911 2010 Is
932 1969 1119 2026 quidem
1140 1968 1477 2025 generationem

176 2029 294 2071 hanc
325 2031 509 2072 admisit
533 2062 545 2081 ,
573 2030 650 2072 sed
682 2032 747 2071 ita
778 2030 963 2071 admisit
987 2063 999 2081 ,
1034 2037 1088 2071 ut
1112 2029 1289 2086 plantas
1314 2026 1477 2066 nonul-

175 2088 244 2131 las
275 2091 368 2132 sine
393 2091 590 2132 marium
612 2090 804 2148 pulvere
836 2089 1129 2131 foecunditate
1161 2086 1337 2145 pollere
1367 2101 1478 2127 con-

176 2149 388 2202 tenderit,
403 2151 612 2192 adductis
633 2152 680 2192 in
711 2149 972 2207 exemplum
1002 2149 1242 2192 Cucurbita
1272 2145 1479 2202 Melope-

165 2225 289 2267 pone
310 2244 321 2261 ,
349 2210 590 2254 cucurbita
610 2210 819 2263 Citrnllo‚
847 2209 1050 2253 Cannaba·
1080 2212 1254 2259 sativa,
1283 2214 1329 2246 et
1366 2207 1477 2262 Spi-

175 2273 308 2315 nacc‘a
337 2272 553 2325 oleracea,
585 2286 784 2331 quarum
807 2304 819 2325 ,
851 2285 949 2329 quae
979 2269 1191 2315 foernineae
1214 2301 1225 2320 ,
1265 2269 1476 2324 sejunctae
