1669 2563
250 156 333 212 264

181 264 498 304 convenientes
551 263 840 305 invenerant.
874 261 988 303 Hinc
1035 275 1252 319 generum
1308 261 1438 318 origo
1466 294 1477 311 ‚

179 339 277 379 quae
310 331 458 364 tamen
489 338 652 380 genera
682 323 738 365 ad
771 321 1149 364 Tournefortium
1201 335 1349 378 usque
1398 336 1480 377 pa-

180 399 282 424 rum
315 382 442 425 firma
471 383 659 425 fuerunt
679 416 690 435 ‚
723 399 829 441 saepe
862 381 1019 424 fictitia
1043 415 1053 433 ,
1080 395 1184 423 raro
1217 380 1476 431 naturalia,

177 458 271 501 quo
297 444 478 485 demum
506 452 704 501 tempore
731 444 900 501 prodiit
921 444 1212 484 acutissimus
1237 440 1446 482 Linnaeus
1467 473 1480 491 ‚

178 505 290 560 qui,
321 507 609 561 generatione
644 503 907 562 plantarum
954 505 1084 545 novis
1112 534 1124 552 ‚
1161 500 1484 543 validissimis-

179 579 270 621 que
304 567 584 622 argumentis
613 563 875 606 confirmata
899 596 910 614 ‚
943 561 1151 606 sexualia
1181 575 1371 619 quoque
1413 575 1483 601 or-

179 639 295 680 gana
322 640 413 666 una
456 640 561 666 cum
610 624 803 682 reliquis
852 622 1220 666 fructificationis
1270 620 1482 679 partibus

179 687 227 724 in
247 684 479 727 auxilium
510 686 690 726 vocavit
713 686 770 726 ad
794 700 959 742 genera
989 683 1252 742 plantarum
1280 689 1479 723 statuen-

179 743 237 785 da
262 777 273 795 ,
305 760 403 802 quae
448 748 511 785 ita
562 744 768 801 profecto
801 746 960 786 statuit
984 776 995 794 ,
1027 753 1082 785 ut
1113 741 1274 783 nullus
1318 748 1477 800 postea

179 805 334 846 eadem
365 803 591 858 infirmare
615 836 626 854 ,
658 806 735 846 vix
760 806 1003 861 quisquam
1029 801 1223 845 subinde
1262 800 1477 843 emenda-

180 879 228 905 re
255 866 456 922 potuerit
474 896 483 905 .
510 863 639 904 Tunc
670 877 780 905 vero
807 864 1010 904 studium
1037 865 1102 904 rei
1137 861 1355 903 herbariae
1380 873 1476 902 tan-

179 931 226 964 ta
259 924 361 964 luce
394 922 577 964 refulsit
599 955 611 972 ,
644 930 698 962 ut
731 931 826 964 tota
857 922 1140 980 assequendae
1172 921 1385 962 doctrinae
1406 920 1476 961 fa·-

178 983 328 1024 cilitas
352 984 410 1024 ab
441 984 697 1039 assequutis
728 982 978 1024 Linnaeanis
1007 980 1251 1039 generibus
1281 980 1476 1037 pendere

178 1044 274 1084 visa
309 1044 367 1083 sit
393 1075 403 1084 .
434 1042 711 1084 Laurentius
742 1042 966 1083 Antonius
999 1042 1210 1091 Jussiaeus
1240 1039 1331 1080 haec
1369 1043 1476 1096 qui-

176 1102 281 1143 dem
313 1117 477 1160 genera
507 1104 554 1142 in
580 1116 634 1143 eo
666 1102 958 1159 reprehendit
981 1133 992 1152 ‚
1025 1099 1150 1158 quod
1185 1098 1474 1142 characteres

176 1164 377 1219 partium
408 1171 537 1204 extra
567 1159 722 1203 florem
766 1163 1017 1220 positarum
1070 1157 1320 1203 excludant
1343 1191 1356 1210 ,
1388 1161 1470 1216 qui

175 1222 461 1264 characteres
493 1223 677 1278 majoris
709 1236 819 1279 saepe
842 1222 1060 1264 momenti
1084 1235 1178 1263 esse
1200 1219 1434 1262 contendit
1458 1251 1470 1269 ‚

175 1298 315 1339 quain
343 1291 452 1323 1101ae
496 1281 653 1324 infimae
683 1298 710 1324 a
740 1280 931 1329 floribus
978 1282 1257 1338 desumptae;
1302 1278 1474 1321 fatetur

174 1350 326 1384 tamen
353 1375 364 1392 ‚
399 1342 487 1384 haec
519 1343 759 1385 Linnaeana
811 1358 975 1401 genera
1004 1358 1030 1384 a
1060 1338 1354 1383 naturalibus
1398 1355 1474 1397 pa-

174 1418 278 1444 rum
311 1403 469 1444 dissita
500 1419 593 1445 esse
617 1435 628 1454 ,
676 1405 986 1461 praestantiora
1035 1399 1434 1444 Tourn'efortianis
1458 1432 1473 1450 ,

175 1462 377 1520 plurima
406 1479 580 1521 semper
609 1463 890 1505 admittenda
920 1496 932 1515 ,
966 1464 1185 1520 pauciora
1227 1458 1477 1502 reforman-

174 1523 233 1565 da
256 1556 266 1565 .
299 1524 359 1564 At
390 1522 525 1565 liceat
555 1524 668 1566 mihi
700 1532 848 1566 tantos
878 1527 997 1566 inter
1029 1525 1151 1565 viros
1199 1536 1295 1563 rem
1345 1535 1475 1562 com-

173 1599 342 1641 ponere
369 1617 380 1634 ,
414 1584 573 1626 saltem
603 1584 757 1642 quoad
789 1584 968 1643 plantas
997 1583 1332 1642 phaenogamas,
1365 1596 1472 1623 cum

172 1652 270 1686 tota
301 1647 559 1702 quaestionis
590 1660 765 1686 summa
795 1646 868 1702 agi
902 1646 1025 1686 circa
1055 1643 1192 1686 verba
1219 1675 1231 1693 ,
1263 1656 1352 1683 non
1381 1643 1474 1682 cir-

171 1720 225 1745 ca
250 1721 319 1747 res
349 1705 461 1747 mihi
492 1705 703 1748 videatur
729 1738 738 1747 .
771 1703 952 1748 Etenim
994 1705 1042 1746 in
1076 1703 1244 1761 plantis
1292 1700 1473 1758 phaeno-

173 1767 317 1822 gamis
349 1774 496 1822 partes
526 1763 627 1807 flori
676 1773 897 1807 extraneae
942 1779 1085 1824 genus
1135 1760 1339 1820 profecto
1378 1776 1472 1802 non

171 1828 481 1875 constituunt3
504 1840 611 1867 cum
641 1840 749 1867 vero
780 1825 966 1876 faciem,
997 1832 1043 1866 et
1072 1823 1283 1866 habitum
1309 1836 1469 1878 quem-

173 1884 278 1926 dam
303 1887 462 1927 sistant
485 1886 531 1926 in
553 1887 777 1943 stirpibus
801 1918 813 1935 ‚
835 1885 883 1926 id
915 1899 1060 1926 unum
1084 1883 1261 1926 faciunt
1283 1914 1295 1932 ‚
1335 1890 1388 1922 ut
1422 1884 1470 1922 in

173 1945 358 1987 delectu
378 1946 693 1987 characterum
723 1947 1038 2003 genericorum
1061 1959 1088 1985 a
1118 1941 1227 1984 flore
1253 1941 1471 1999 petendo-

175 2020 279 2047 rum
299 2021 379 2048 nos
400 2007 623 2062 dirigant,
645 2020 737 2063 quo
759 2007 928 2064 species
948 2004 1086 2054 facie,
1109 2012 1154 2045 et
1179 2003 1341 2045 habitu
1362 2016 1472 2058 pro-

175 2067 439 2124 pinquiores
458 2069 790 2108 consocientur.
812 2066 958 2118 Quam
978 2063 1164 2122 quidem
1185 2078 1280 2104 rem
1300 2070 1345 2104 et
1367 2062 1472 2103 Lin-

173 2141 265 2168 naeo
296 2130 495 2168 maxime
531 2126 671 2169 fuisse
702 2128 749 2166 iu
772 2127 890 2167 votis
919 2125 1231 2182 dignoscimus
1253 2139 1309 2164 ex
1331 2137 1473 2164 cano-

175 2202 230 2228 ne
266 2188 362 2231 168.
395 2187 523 2229 Plzil.
553 2187 641 2230 bot.
670 2219 682 2237 ‚
707 2200 801 2244 quo
833 2187 992 2227 statuit
1019 2217 1030 2236 ‚
1065 2184 1275 2226 habitum
1308 2181 1472 2225 occul-

175 2255 219 2288 te
249 2247 578 2290 consulendum
603 2281 614 2298 ‚
646 2262 702 2288 ne
732 2261 874 2303 genus
893 2260 1131 2287 erroneum
1163 2243 1254 2286 levi
1285 2243 1340 2285 de
1366 2257 1473 2283 eau-

181 2324 227 2351 sa
258 2308 485 2368 fingaturg
517 2324 621 2350 nam
654 2322 749 2365 quae
799 2308 847 2348 in
880 2321 971 2349 uno
1016 2320 1178 2364 genere
1229 2304 1286 2346 ad
1329 2318 1473 2362 genus
