1669 2563
1319 106 1399 161 169

236 216 425 274 Unifz'ori
451 248 463 266 ‚
493 214 634 270 biflori
657 244 668 262 ‚
701 210 857 266 trcflori
883 241 894 259 ‚
955 207 1180 264 multiflori
1210 224 1235 250 a
1266 222 1459 251 numero

170 276 338 320 florum
364 309 374 318 .
462 276 473 286 χ

234 337 379 392 Bifidi
405 368 418 386 ‚
461 331 597 387 trifidi
617 331 704 371 &a
746 344 772 370 a
796 327 1019 369 divisione
1070 327 1289 383 primaria
1310 360 1322 378 ,
1372 330 1465 369 sive

173 397 373 454 simplici
403 426 414 436 .
1351 423 1356 427 .

228 453 486 498 Dickotomi
513 483 524 500 ‚
553 447 801 491 triclzotomi
831 462 857 488 a
887 445 1110 487 divisione
1161 444 1429 486 secundaria
1452 477 1463 494 ‚

170 525 217 559 et
264 511 557 571 sequentibus
580 542 590 551 .
645 509 698 550 In
747 507 968 549 divisione
1005 537 1017 556 ‚
1063 512 1108 546 et
1156 503 1466 546 subdivisione

168 571 537 633 pedunculorum
566 566 855 627 pedunculus
887 565 1131 624 primarius
1149 564 1324 605 dicitur
1356 578 1468 604 com-

171 635 314 677 munis
341 664 354 683 ,
399 632 515 672 rami
567 628 762 670 ferentes
811 625 991 683 aliquot
1037 623 1169 666 flores
1219 622 1469 681 pedunculi

165 692 420 737 communis
450 697 671 732 vocantur
695 687 940 744 pedunculi
965 684 1188 742 partiales
1207 715 1224 735 ,
1260 685 1371 725 rami
1397 683 1463 723 di-

167 760 290 796 recte
332 752 602 793 sustinentes
657 762 885 806 quemque
934 743 1090 787 florem
1140 750 1470 801 nuncupantur

160 812 372 873 pedicelli
399 843 409 852 .

238 870 481 916 Umbellam·
501 902 513 921 ‚
547 883 653 911 cum
685 865 897 925 pedicelli
944 865 1179 907 divisionis
1217 861 1436 920 simplicis
1460 893 1476 914 ,

168 940 252 975 aut
282 929 536 989 pedunculi
567 927 783 986 partiales
818 927 969 985 primi,
1002 933 1047 967 et
1076 922 1292 983 pedicelli
1324 923 1383 964 ab
1418 924 1474 963 iis

169 990 508 1050 proficiscentes
533 990 744 1031 oriuntur
790 1003 847 1028 ex
892 985 1048 1028 eodem
1093 991 1265 1042 puncto
1293 1014 1305 1025 .
1355 982 1476 1023 Tum

170 1050 425 1110 pedunculi
456 1047 702 1108 partiales,
736 1054 835 1088 tum
887 1042 1103 1104 pedicelli
1151 1045 1199 1085 in
1230 1042 1316 1084 hoc
1367 1057 1477 1084 casu

170 1119 395 1155 vocantur
417 1111 530 1152 radii
553 1141 564 1151 .

176 1186 184 1195 “
233 1171 395 1214 Patuli
414 1202 431 1223 ,
462 1183 568 1212 cum
597 1166 753 1210 ferunt
785 1162 1032 1226 pedicellos
1063 1161 1271 1219 undique
1300 1160 1478 1217 disper-

173 1246 245 1274 sos
269 1264 280 1282 ‚
311 1233 377 1273 ita
404 1237 461 1272 ut
489 1237 533 1272 et
564 1226 781 1286 pedicelli
810 1259 821 1277 ‚
854 1234 899 1268 et
930 1223 1062 1266 flores
1114 1225 1202 1264 sint
1232 1228 1437 1280 patentes
1464 1253 1476 1272 ,

172 1293 429 1348 semotique
448 1322 458 1331 .
488 1289 569 1330 His
600 1294 893 1345 opponuntur
942 1281 1194 1343 pedunculi
1225 1283 1476 1324 coarctati.

233 1351 473 1393 Restantes
502 1381 514 1399 ,
543 1349 624 1406 qui
654 1354 886 1388 remanent
910 1346 957 1386 in
980 1343 1137 1401 planta
1170 1350 1277 1400 post
1296 1341 1478 1397 lapsum

173 1409 569 1458 fructificationis,
603 1408 774 1463 quibus
803 1406 1021 1448 contrarii
1053 1410 1158 1444 sunt
1189 1403 1361 1443 decidui
1390 1432 1401 1443 .

231 1470 411 1526 Scapus
439 1476 507 1511 est
537 1465 826 1525 pedunculus
858 1462 1099 1514 radicalis,
1133 1461 1258 1504 foliis
1288 1461 1440 1502 nudus
1461 1493 1472 1512 ‚

173 1528 396 1572 uniflorus
415 1561 426 1580 ,
457 1527 531 1571 vel
563 1524 846 1568 multiflorus
868 1557 878 1566 .

246 1590 290 1634 V
287 1593 425 1645 agina
455 1621 466 1639 ,
498 1587 710 1642 vaginzila
740 1598 805 1627 est
835 1582 1103 1626 membrana
1147 1580 1339 1623 subinde
1383 1581 1477 1621 cir-

175 1649 397 1691 cumdans
429 1650 576 1691 basim
625 1644 875 1705 pedunculi
903 1676 915 1696 ‚
949 1650 1030 1684 aut
1075 1643 1233 1698 scapi.
1283 1640 1480 1682 Richar-

175 1709 262 1752 dus
291 1710 410 1751 dixit
438 1707 712 1766 spatlzillam‚
743 1721 851 1748 cum
905 1701 1194 1762 pedunculus
1236 1702 1476 1759 vaginatus

175 1778 265 1813 stat
290 1771 411 1812 intra
442 1768 650 1827 spatham
678 1800 687 1809 .

711 1885 851 1928 Bract
860 1899 917 1928 eae
939 1918 950 1926 .

236 2008 283 2064 ξ.
318 2023 390 2053 20.
425 2008 618 2051 Bracteae
638 2041 648 2059 ,
681 2009 774 2050 sive
805 2007 1102 2064 expansiones
1131 2000 1330 2044 foliaceae
1353 2002 1479 2042 circa

179 2067 346 2120 flores,
375 2068 451 2112 vel
492 2071 540 2110 in
586 2067 860 2125 pedunculis
904 2064 1070 2107 florum
1116 2062 1359 2106 vocabulis
1410 2068 1479 2103 sat

178 2130 372 2186 cognitis
402 2129 622 2170 dicuntur

239 2189 472 2245 Simplices
505 2222 516 2239 ,
564 2190 816 2245 compositae
837 2220 849 2238 ‚
874 2187 1194 2243 persistentes,
1238 2181 1431 2224 deciduae
1471 2213 1483 2230 ‚

181 2250 386 2292 coloratae
408 2281 420 2300 ‚
470 2249 729 2292 decoloratae
752 2280 770 2301 ,
818 2250 1015 2305 spinosae
1045 2277 1059 2298 ,
1088 2247 1267 2288 inermes
1304 2275 1316 2294 ‚
1359 2241 1479 2298 flore
