1669 2563
202 167 284 208 268

190 269 513 328 Suffruticosus
532 302 543 320 ‚
598 269 693 314 basi
728 285 994 329 permanens
1017 304 1028 321 ,
1049 272 1187 312 ramis
1231 278 1429 327 quotan-

136 334 204 373 nis
228 330 609 372 marcescentibus
626 363 636 372 .

194 390 482 441 Frusteosus,
516 392 750 447 perennis,
782 389 1005 448 lignosus,
1043 390 1195 432 brevis
1223 423 1234 439 ,
1269 390 1440 438 tenuis,

136 453 229 508 jam
267 452 327 494 ab
356 450 653 493 inferioribus
675 466 902 492 ramosus.

196 510 447 562 Arboreus,
480 513 690 568 perennis
716 544 728 562 ‚
782 509 956 552 inferne
986 510 1176 551 caudice
1210 508 1409 567 simplici
1434 539 1442 547 .

196 571 379 613 solidus
412 573 589 613 interne
620 570 820 613 farctus.

204 631 501 673 Sacculentas
530 646 556 672 a
587 632 842 674 substantia
871 645 1059 673 carnosa
1077 663 1088 681 ‚
1123 644 1314 671 succosa
1349 660 1360 669 .

197 690 388 742 Inanis‚
420 693 686 748 spongiosas
709 724 721 744 ,
758 693 932 733 interne
968 689 1172 733 medulla
1224 690 1435 747 spongio-

137 767 184 794 sa
218 750 382 808 plenus
410 783 421 792 .

201 810 454 854 Fistulosas
484 810 660 851 interne
694 809 940 851 tubulatus
966 842 977 851 .

202 870 367 913 Tenuis
389 901 405 920 ,
439 883 613 912 crassus
640 901 651 919 ‚
685 869 872 925 longus,
904 869 1075 912 brevis.
1112 869 1229 910 Hinc
1279 868 1447 909 hahen-

141 938 219 972 tur
250 944 467 972 mensurae
491 927 549 969 ad
579 943 786 970 normam
814 930 1043 985 cognitam
1069 961 1079 979 ‚
1133 928 1206 970 vel
1253 929 1310 969 ad
1342 943 1451 969 nor-

140 1005 262 1032 mam
289 987 594 1030 universalem
626 987 976 1029 determinandae
995 1021 1005 1030 .

204 1049 398 1091 Strictus
416 1081 428 1099 ‚
463 1062 651 1105 prorsus
684 1046 1082 1106 perpendicularis
1105 1079 1115 1089 .

201 1109 389 1152 Erectus
415 1141 428 1160 ,
463 1107 558 1150 fere
608 1107 667 1150 ad
717 1106 1102 1166 perpendiculum
1135 1122 1180 1149 se
1227 1122 1273 1148 se
1322 1105 1454 1148 attol-

150 1168 249 1211 lens
276 1201 286 1211 .

201 1229 396 1286 Rigidus
421 1261 433 1279 ‚
464 1225 674 1269 flexionis
704 1229 970 1286 impatiens.

203 1289 435 1331 Scandens
465 1322 476 1340 ,
528 1291 717 1332 cirrosus
740 1321 752 1339 ‚
784 1288 878 1330 alta
926 1295 1082 1347 petens
1109 1319 1122 1338 ‚
1173 1288 1305 1329 cirris
1329 1317 1342 1337 ,
1372 1284 1445 1327 vel

140 1347 338 1392 flexibus
368 1350 463 1391 suis
495 1348 813 1391 sustinendus.

204 1409 514 1452 Sarmentosus
532 1442 544 1461 ‚
581 1408 797 1451 scandens
815 1441 827 1460 ‚
860 1407 1127 1450 subnudus.

199 1470 456 1521 Radicans,
478 1471 695 1511 emittens
710 1469 984 1527 appendices
1004 1466 1341 1518 radidsormes,
1362 1467 1460 1523 qui-

143 1531 233 1573 bus
283 1530 420 1572 haeret
452 1531 672 1588 proximis
702 1530 979 1587 corporibus
1004 1561 1014 1571 .

211 1588 429 1634 Volubilis
454 1623 466 1642 ‚
499 1591 546 1630 in
577 1592 749 1647 spiram
803 1591 930 1631 circa
982 1587 1136 1631 fulcra
1187 1595 1425 1629 contortus
1453 1619 1461 1626 .

144 1650 423 1708 Diciturque
456 1649 658 1692 volubilis
688 1651 963 1693 dextrorsum
986 1682 997 1701 ‚
1024 1664 1132 1691 cum
1163 1647 1313 1690 caulis
1333 1680 1345 1698 ‚
1379 1647 1462 1687 ob-

145 1719 374 1753 servatore
404 1710 519 1753 facie
552 1726 634 1752 sua
663 1710 721 1752 ad
753 1719 963 1753 austrum
993 1723 1125 1751 verso
1149 1741 1162 1759 ‚
1193 1709 1253 1750 ab
1301 1710 1461 1748 orien—

148 1779 190 1812 te
209 1802 220 1820 ‚
254 1772 348 1812 sive
392 1787 417 1813 a
449 1772 632 1814 sinistra
662 1786 741 1828 per
774 1771 1012 1813 meridiem
1043 1768 1191 1812 volvit
1222 1785 1267 1810 se
1299 1768 1357 1808 ad
1389 1782 1461 1808 oc-

143 1830 371 1873 cidentem
395 1848 407 1881 3
428 1839 586 1872 contra
618 1831 819 1873 volubilis
847 1833 1145 1873 sinistrorsum
1175 1828 1322 1878 audit,
1354 1843 1460 1867 cum

146 1889 295 1932 caulis
319 1922 331 1942 ,
386 1892 677 1932 observatore
720 1906 895 1948 semper
946 1890 1105 1931 eodem
1158 1888 1294 1929 modo
1345 1890 1431 1928 sito
1451 1920 1461 1937 ‚

148 1949 298 1993 volvit
332 1965 377 1992 se
408 1966 434 1992 a
464 1951 652 1992 dextera
685 1967 764 2008 per
785 1950 1022 1992 meridiem
1047 1950 1104 1990 ad
1136 1951 1365 1990 sinistram
1391 1980 1400 1989 .

204 2009 517 2060 Parasiticus,
553 2009 687 2052 alteri
721 2010 882 2067 plantae
917 2012 1099 2051 innatus
1119 2041 1129 2050 .

207 2070 405 2126 Repens‚
433 2079 558 2112 terrae
590 2071 857 2112 incumbens
880 2103 892 2121 ‚
915 2070 1181 2126 radicesque
1225 2083 1362 2125 agens
1390 2100 1398 2108 .

212 2130 434 2188 Obliquus
463 2147 490 2172 a
520 2131 770 2172 directione
793 2133 910 2173 inter
944 2129 1110 2171 lineam
1161 2129 1466 2187 perpendicu-

150 2189 294 2232 larem
324 2225 334 2241 ‚
357 2200 403 2232 et
428 2188 756 2233 horizontalem
779 2225 788 2232 .

211 2250 524 2302 Adscendens,
557 2267 665 2294 cum
699 2251 846 2293 caulis
873 2285 884 2303 ,
917 2252 1015 2293 basi
1046 2265 1157 2292 arcu
1189 2248 1311 2291 facto
1341 2285 1351 2301 7
1384 2251 1463 2306 qui

151 2313 440 2353 convexitate
484 2327 566 2354 sua
596 2313 654 2354 ad
685 2321 851 2356 terram
885 2313 1098 2370 respicit,
1142 2309 1319 2368 reliqua
1360 2326 1465 2368 par-

153 2379 197 2412 te
234 2373 428 2430 erigitur
453 2406 463 2415 .
