1669 2563
1298 128 1373 177 107

221 229 480 286 Regulam,
510 227 590 285 qui
615 226 707 266 sive
730 222 1013 279 monopetali
1032 255 1042 273 ‚
1071 225 1162 265 sive
1187 224 1441 281 polypetali

161 289 331 332 habent
362 296 510 346 partes
541 299 642 327 suas
672 282 746 324 vel
777 282 970 339 aequales
999 314 1010 332 ‚
1042 282 1115 323 vel
1160 284 1329 324 anm-110
1375 288 1446 324 in-

161 357 229 391 ter
252 365 294 390 se
316 363 359 389 se
380 341 740 405 proportionales
757 374 767 392 ‚
785 351 829 383 et
857 343 979 382 circa
1008 356 1138 382 axem
1163 356 1444 384 connnnnem

160 409 317 450 ordine
348 409 512 464 positas
540 436 549 445 .
574 402 654 444 His
673 403 888 443 contrarii
919 409 1023 443 sunt
1047 403 1321 456 irregulares,
1343 407 1440 457 qni,

159 483 263 510 cum
296 466 406 507 adeo
455 463 680 506 abludant
708 477 734 503 a
766 461 1051 518 reliquorum
1082 475 1324 516 corporum
1359 461 1447 501 for-

162 530 247 570 mis
265 559 276 577 ‚
295 533 348 565 ut
378 538 482 566 cum
501 522 632 565 nulla
664 537 711 564 re
737 522 988 579 comparari
1010 522 1196 578 possint,
1231 521 1446 561 dicuntur

159 584 352 628 anomali
373 616 382 625 .

218 644 459 700 Completi‚
488 640 663 700 duplici
695 642 930 698 perigonio
960 641 1205 682 instructi.
1237 638 1342 680 Ideo
1387 642 1451 680 in-

158 704 363 760 completi
391 717 483 744 uno
516 709 693 743 tantum
725 702 959 758 perigonio
981 732 990 741 .

216 764 495 819 Aggregati‚
536 763 620 804 ubi
673 760 829 819 plures
858 762 906 802 in
949 759 1107 801 eodem
1160 757 1449 815 receptaculo

158 823 284 865 floris
312 822 532 873 collecti,
563 830 610 864 at
640 820 809 879 singuli
838 819 1039 862 antheris
1077 819 1234 861 liberis
1285 819 1447 859 distin-

159 885 221 926 cti
240 915 250 925 .

219 943 459 995 Compositi
488 974 498 991 ‚
527 941 609 983 ubi
642 939 798 998 plures
841 941 889 981 in
942 939 1100 980 eodem
1158 936 1448 994 receptaculo

160 1000 282 1045 floris
313 1002 528 1051 collecti,
560 1016 760 1059 quorum
790 1002 871 1058 qui
903 997 1194 1049 staininiferi,
1249 998 1451 1039 anthei-is

164 1063 344 1104 coalitis
365 1063 612 1104 instructi‘.

221 1122 532 1178 Decompositi
555 1153 566 1172 ‚
599 1122 680 1178 qui
711 1127 919 1162 constant
959 1116 1149 1160 floribus
1190 1118 1454 1173 compositis

166 1183 286 1223 intra
315 1181 519 1237 calycem
550 1195 834 1222 communem
860 1212 872 1231 ,
919 1193 1118 1236 quorum
1172 1176 1326 1234 plnres
1370 1179 1456 1217 itc-

166 1257 268 1284 rum
300 1243 346 1282 in
376 1241 467 1283 alio
500 1240 655 1296 calyce
685 1242 850 1281 minori
879 1240 1106 1280 communi
1136 1239 1421 1278 continentur
1444 1268 1453 1278 .

228 1301 444 1352 Radiati,
476 1315 582 1342 cum
610 1299 748 1341 multi
778 1313 967 1340 numero
1001 1296 1138 1340 simul
1182 1299 1228 1337 in
1279 1297 1457 1337 ambitu

167 1376 248 1403 suo
279 1368 486 1402 constant
517 1361 639 1402 radio
664 1392 675 1411 ‚
708 1361 799 1401 sive
829 1357 1015 1400 corollis
1046 1357 1297 1412 majoribus
1348 1358 1457 1396 irre-

166 1420 406 1478 gularibus
432 1453 443 1471 ,
475 1422 595 1461 intra
647 1419 827 1460 radium
882 1433 989 1461 vero
1045 1425 1249 1458 constant
1298 1417 1417 1457 disco
1444 1448 1455 1465 ‚

163 1483 255 1523 sive
288 1478 473 1521 corollis
503 1479 757 1520 minoribus
781 1510 792 1528 ,
826 1477 1097 1535 plerumque
1136 1475 1424 1533 regularibus
1444 1507 1454 1516 .

231 1540 680 1591 thbulosi‚discoidei
709 1538 924 1579 dicuntur
956 1535 1086 1577 flores
1117 1537 1354 1592 compositi
1387 1551 1459 1575 rc-

165 1599 345 1658 gulares
368 1632 379 1650 ‚
411 1608 491 1641 aut
520 1599 614 1641 fere
640 1597 870 1656 regulares
894 1629 905 1648 ‚
938 1597 1067 1648 radio
1095 1604 1298 1637 carentes
1317 1628 1327 1636 .

223 1659 459 1715 Lingulati
480 1692 490 1710 ‚
528 1659 706 1714 ligulatz'
726 1691 736 1709 ‚
766 1658 1092 1714 semiflosczclosi
1123 1688 1134 1706 ,
1172 1658 1253 1713 qui
1289 1654 1459 1696 habent

166 1719 394 1762 corollam
426 1720 713 1761 dimidiatam
744 1716 928 1776 lingulae
957 1717 1092 1758 modo
1120 1748 1129 1757 .

644 1837 932 1880 Pedunculus
973 1869 983 1879 .

228 1958 272 2014 ξ.
310 1974 374 2016 19.
406 1957 700 2002 Pedunculus
733 1957 1062 2000 determinatur
1094 1956 1212 2006 loco,
1245 1969 1460 2003 munem,

171 2017 347 2070 forma,
379 2019 626 2061 directione
655 2052 666 2071 ,
723 2017 958 2076 superficie
978 2051 989 2068 ‚
1038 2017 1330 2075 proportione
1350 2048 1360 2066 ,
1418 2024 1463 2055 et

170 2078 302 2120 modo
323 2111 333 2130 ,
366 2094 456 2135 quo
487 2077 618 2120 flores
642 2081 786 2137 gerit,
819 2087 865 2120 et
894 2080 1123 2119 connectit
1167 2078 1423 2118 summitate
1450 2107 1460 2116 .

167 2138 281 2179 Hinc
314 2138 564 2196 pedunculi
596 2139 816 2180 dicuntur
848 2139 1063 2180 radicales
1083 2170 1094 2187 ,
1148 2137 1314 2178 catulini
1333 2168 1343 2185 ,
1379 2149 1453 2174 να-

170 2202 252 2239 mei
273 2230 284 2248 ‚
312 2199 520 2241 ancillares
545 2231 556 2248 ‚
586 2200 831 2241 terminales
861 2232 872 2249 ‚
915 2201 1060 2255 sparsi
1087 2231 1096 2248 ‚
1142 2199 1328 2245 alterni,
1384 2209 1462 2249 ope

163 2260 334 2316 positi,
368 2259 616 2302 verticillati
641 2292 653 2311 ,
676 2259 958 2312 unilaterales
977 2292 988 2310 ‚
1021 2260 1198 2301 secundi
1218 2289 1228 2307 ‚
1263 2255 1461 2304 distichi,
