1669 2563
91 2320 122 2360 Χ

218 71 303 99 202
366 62 370 65 '

213 161 504 210 Dehiscentes
533 157 677 204 valvis
700 193 710 212 ‚
738 163 886 217 poris,
920 161 1049 218 apice
1070 191 1080 209 ‚
1108 157 1202 198 basi
1223 190 1232 205 ‚
1258 157 1450 210 longitn-

158 223 260 264 dine
282 254 293 273 ,
325 231 593 273 transverse,
625 225 770 264 antice
799 254 809 272 ‚
832 225 1007 278 postice
1048 219 1104 260 ad
1153 215 1449 273 jaculandum

160 282 319 340 pollen
346 315 356 324 .

217 341 396 384 Exertae
424 374 435 392 ‚
468 342 675 393 inclusae,
709 340 849 383 relate
882 340 939 381 ad
969 337 1218 381 corollam.

218 402 461 457 AEquales,
495 404 710 458 longiores
730 434 740 452 ‚
772 401 985 443 breviores
1007 399 1239 454 filamento
1259 428 1269 436 .

220 462 345 504 Albae
369 494 380 513 ,
413 464 583 518 glaucae
602 495 612 513 ‚
638 462 772 518 flavae
792 493 802 512 ‚
833 463 958 503 luteae
977 493 987 511 ,
1019 473 1178 502 croceae
1203 488 1213 506 ‚
1232 453 1423 496 coeruleae
1440 485 1452 502 ‚

157 523 337 571 virides,
366 536 562 576 carneae,
594 521 760 574 rubrae,
790 536 815 562 a
846 520 999 563 colore
1032 517 1217 577 pollinis
1238 515 1453 556 contenti.

162 581 231 624 De
262 581 409 623 forma
433 615 443 634 ,
477 590 523 624 et
552 590 717 623 natura
748 595 994 639 granorum
1029 577 1216 637 pollinis
1247 575 1360 616 alias
1385 573 1456 613 lo-

162 645 296 699 quuti
331 657 526 693 sumus3
559 643 613 683 de
651 641 994 683 characteribus
1048 652 1198 679 massae
1250 634 1455 693 pollineae

164 701 314 743 solidae
346 717 530 759 agemus
562 710 717 759 postea
742 733 751 742 .
783 702 868 743 Hic
899 701 1051 741 dicere
1085 696 1293 744 sufficiat,
1329 693 1458 735 colo-

163 777 258 803 rem
289 761 477 819 pollinis
501 764 678 803 variare
724 761 881 802 eodem
937 773 1125 816 prorsus
1181 764 1312 814 pacto
1342 787 1352 804 ‚
1405 768 1456 794 uc

163 824 313 863 variat
342 821 638 861 antherarum
668 819 795 861 color
823 852 834 870 ‚
868 818 922 859 de
954 834 1046 876 qua
1079 834 1126 858 re
1181 823 1346 858 curant
1375 814 1461 855 bo-

166 883 306 923 tanici
336 883 383 922 in
414 880 718 938 descriptione
749 879 1013 937 plantarum
1040 909 1051 920 .

675 998 905 1041 Pistillum
942 1029 953 1039 .

224 1119 271 1176 §.
304 1120 377 1162 38.
407 1116 578 1162 Pistilli
609 1126 760 1176 partes
793 1125 901 1160 sunt
931 1117 1139 1160 ovarium
1164 1147 1175 1166 ‚
1209 1112 1343 1156 stilus
1362 1145 1373 1163 ‚
1419 1121 1464 1154 et

169 1182 332 1238 stigma
359 1213 370 1230 ‚
400 1189 455 1222 ut
484 1179 598 1221 alibi
630 1179 932 1220 tradidimus.
964 1177 1186 1219 Ovarium
1218 1175 1390 1215 dicitur

226 1233 430 1296 Simplex
451 1274 461 1292 ‚
490 1239 564 1283 vel
595 1241 831 1297 multiplex
861 1254 888 1280 a
917 1251 1108 1280 numero
1140 1238 1188 1278 in
1211 1234 1369 1277 eodem
1394 1249 1468 1275 re·-

171 1299 414 1359 ceptaculo
432 1333 442 1343 .

228 1361 449 1418 Superum
475 1394 486 1413 ‚
521 1361 612 1402 sive
644 1359 824 1402 liberum
854 1393 865 1412 ,
893 1374 1001 1402 cum
1030 1373 1057 1399 a
1106 1355 1266 1412 calyce
1316 1354 1468 1411 hypo-

172 1436 293 1480 gyno
325 1425 507 1463 omnino
540 1420 742 1463 solutum
761 1455 771 1465 .

232 1480 459 1538 Inferum,
492 1483 745 1533 adhaerens,
791 1480 874 1522 ubi
908 1494 1016 1522 cum
1057 1477 1215 1532 calyce
1247 1475 1468 1533 perigyno

175 1544 462 1586 connectitur
483 1575 492 1584 .

236 1602 427 1654 sessile,
465 1600 758 1661 receptaculo
789 1600 927 1660 plano
954 1633 966 1651 ,
1010 1598 1139 1641 tenui
1180 1597 1273 1637 sine
1317 1592 1470 1636 fulcro

176 1662 364 1705 affixum
392 1695 402 1704 .

233 1722 554 1764 Pedicellatum
573 1755 584 1773 ‚
611 1722 964 1779 pedunculatum
980 1751 997 1773 ,
1038 1720 1291 1774 stipitatum
1317 1748 1327 1764 ‚
1375 1714 1474 1756 sub-

176 1783 317 1825 latum
341 1814 352 1833 ,
386 1784 467 1824 ubi
501 1781 792 1839 receptaculo
824 1780 1079 1823 columnari
1113 1776 1356 1819 suffultum
1379 1808 1388 1816 .

233 1843 492 1893 Parietale,
524 1857 631 1884 cum
662 1844 923 1899 gregarium
943 1873 954 1891 ‚
993 1844 1084 1881 sive
1115 1835 1367 1894 multiplex
1392 1834 1476 1875 hae-

175 1910 246 1944 ret
272 1902 562 1960 receptaculo
598 1916 797 1960 expanso
823 1934 835 1952 ‚
868 1909 914 1942 et
946 1898 1336 1941 conferru1ninato
1368 1910 1475 1936 cum

177 1961 335 2017 calyce
367 1961 603 2005 urceolato
627 1995 638 2013 ‚
672 1969 849 2003 saccato
873 1993 883 2003 .

240 2022 478 2064 Globosum
496 2055 508 2074 ,
542 2032 717 2065 ovatum
742 2055 753 2073 ‚
790 2021 1054 2076 oblongum,
1105 2018 1432 2075 cylindracemn
1461 2047 1472 2065 ‚

180 2092 429 2124 contortum
458 2116 468 2132 ‚
499 2097 791 2140 compressum
813 2113 829 2134 ,
858 2080 1058 2137 glabrum
1086 2111 1096 2130 ,
1131 2080 1354 2120 villosum.

241 2142 566 2199 Gynobasicum
585 2175 596 2194 ,
613 2143 877 2200 depressum
897 2174 908 2192 ‚
927 2142 1101 2182 circum
1121 2142 1243 2180 circa
1261 2138 1478 2195 gibbero-

183 2217 284 2244 sum
313 2203 372 2245 ab
399 2206 495 2246 ovis
527 2203 895 2262 prominentibus
917 2235 929 2253 ‚
960 2215 1057 2258 quae
1088 2198 1301 2242 videntur
1334 2195 1475 2239 nuda.

231 2295 580 2373 &2097an
627 2299 737 2365 (fiso-
768 2305 843 2350 sss
