1669 2563
1346 184 1400 236 37

171 291 393 340 putarunt
424 281 713 324 subductioni
746 280 950 320 carbonii
977 312 987 329 ‚
1025 296 1162 337 quam
1210 296 1351 340 supra
1400 287 1473 326 in-

172 346 359 385 nuimus
387 376 396 393 ‚
429 341 507 382 alii
541 342 586 380 in
616 338 752 379 aliam
797 353 984 395 prorsus
1033 343 1299 384 sententiam
1348 346 1476 385 abie-

173 412 284 445 runt
308 435 317 446 .
354 400 674 445 Sennebierius
704 432 714 448 ,
747 398 955 456 periculo
1008 401 1222 440 instituto
1252 434 1263 451 ,
1321 405 1477 445 obser-

173 467 302 505 vavit
323 495 333 512 ,
372 468 544 502 tantam
577 461 693 500 aeris
727 458 845 499 acidi
877 459 1108 500 carbonici
1139 492 1149 509 ‚
1184 460 1258 501 vel
1305 461 1478 516 hydro-

172 525 294 580 genii
326 522 415 561 vim
438 535 463 560 a
491 519 739 560 seminibus
772 521 816 559 in
848 534 967 576 aqua
999 518 1239 570 distillata,
1261 529 1341 560 aut
1376 522 1478 563 bul-

173 582 259 624 lita
288 613 298 632 ,
337 579 408 621 vel
440 582 488 619 in
519 594 621 620 aere
656 580 878 635 septonio‚
904 587 985 619 aut
1015 579 1297 636 hydrogenio
1328 580 1480 622 deten-

171 645 229 684 tis
259 639 470 682 exhalari
503 672 513 689 ‚
545 648 764 696 quantam
795 654 851 679 ex
882 641 937 680 iis
982 653 1218 696 nunquam
1271 641 1478 682 obtinere

171 709 384 760 potuerat
417 699 553 756 longo
594 698 741 739 antliae
778 701 1071 755 pneumaticae
1109 714 1196 740 usu
1222 732 1230 740 .
1270 699 1338 741 Ex
1385 718 1478 758 quo

171 763 330 818 arguit
357 793 367 811 ,
403 774 552 800 aerem
581 758 716 799 illum
743 792 753 808 ,
787 773 891 802 culn
924 761 969 799 in
996 762 1162 801 semine
1193 775 1282 800 non
1315 762 1371 801 sit
1390 794 1400 811 ‚
1424 778 1479 802 ex

171 820 474 863 dissolutione
507 834 631 876 aquae
658 852 668 869 ‚
702 822 822 860 intra
853 834 991 876 quarn
1023 822 1193 861 semina
1217 821 1442 877 degebant
1468 855 1479 871 ‚

168 879 392 939 proficisci
418 913 427 921 .

227 940 270 996 §.
310 955 404 997 127.
438 940 654 982 Praeterea
707 937 1049 995 Vauquelinius
1095 939 1483 981 demonstraverat

173 1015 259 1058 ope
297 1001 511 1056 chymicae
545 998 742 1053 analysis
767 1032 776 1049 ‚
812 999 1118 1040 saccharinam
1146 1003 1446 1043 substantiam
1467 1034 1478 1051 ‚

171 1076 270 1117 quae
303 1063 350 1102 in
383 1061 712 1118 germinatione
748 1061 896 1100 oritur
924 1092 938 1109 ‚
994 1063 1231 1118 sexaginta
1282 1070 1483 1119 quatuor

174 1136 231 1162 ex
258 1129 443 1162 centum
478 1121 687 1178 partibus
718 1121 913 1176 oxygeni
940 1152 950 1169 ,
983 1123 1144 1177 viginti
1179 1130 1280 1163 octo
1307 1139 1361 1164 ex
1384 1138 1486 1165 cen-

171 1189 271 1222 tum
303 1183 511 1224 carbonii
541 1215 551 1232 ,
588 1188 632 1222 et
665 1188 768 1220 octo
802 1195 857 1221 ex
892 1188 1075 1222 centum
1107 1182 1360 1240 hydrogeni
1386 1199 1485 1240 pas-

172 1242 298 1282 tibus
329 1250 535 1282 constare
563 1257 573 1289 ;
608 1254 713 1282 cum
744 1254 853 1281 vero
894 1241 1139 1283 indubium
1173 1245 1244 1292 sit,
1277 1253 1484 1299 vegetan-

172 1303 236 1341 tia
269 1303 436 1342 semina
462 1315 669 1357 magnam
703 1299 993 1356 suppeditare
1024 1302 1230 1342 carbonii
1261 1307 1439 1361 copiam
1471 1335 1482 1351 ,

171 1376 268 1418 quae
301 1364 347 1401 in
383 1363 548 1402 semine
582 1362 668 1420 pisi
712 1375 850 1401 unam
905 1376 960 1401 ex
1011 1364 1216 1418 quinque
1275 1364 1485 1420 ponderis

169 1421 268 1475 ejus
300 1422 510 1477 partibus
544 1423 810 1476 aequiparat‚
840 1420 1165 1464 Sennebierius
1184 1456 1195 1473 ‚
1225 1422 1345 1465 facta
1367 1439 1486 1465 com-
1522 1440 1537 1446 *-

171 1482 407 1537 paratione
442 1480 607 1520 horum
641 1483 845 1520 omnium
884 1495 989 1521 cuin
1024 1484 1096 1532 iis,
1130 1498 1227 1539 quae
1260 1487 1306 1524 in
1357 1500 1490 1540 supe-

171 1542 281 1581 riori
336 1539 544 1596 periculo
594 1542 877 1595 contigerant
915 1574 925 1591 ,
972 1544 1170 1593 statuit,
1217 1545 1487 1585 carbonium

174 1599 459 1657 suppeditari
481 1616 506 1640 a
528 1602 809 1657 germinante
842 1602 1028 1652 semine,
1053 1618 1356 1660 magnamque
1381 1619 1490 1660 oxy-

170 1662 273 1717 geni
306 1662 400 1701 vim
430 1693 441 1710 ,
474 1675 570 1717 quae
617 1675 722 1701 cuin
755 1660 974 1701 carbonio
1032 1667 1210 1704 seminis
1243 1667 1288 1705 in
1342 1680 1492 1706 aerem

170 1720 354 1762 acidum
384 1721 656 1762 carbonium
687 1729 1025 1763 transmutatur
1051 1756 1060 1771 ‚
1096 1724 1169 1765 vel
1201 1740 1308 1765 cum
1359 1729 1492 1766 semi-

168 1782 240 1823 nis
270 1781 538 1839 hydrogeno
578 1780 786 1823 faeculam
818 1783 864 1821 in
920 1783 1231 1826 sacchai'inam
1289 1786 1493 1827 substan-

172 1843 279 1883 tiam
314 1844 561 1892 convertit,
598 1842 793 1899 pendere
828 1857 854 1882 a
889 1843 1191 1887 dissolutione
1225 1861 1367 1903 aquae,
1396 1862 1492 1904 quae

172 1916 322 1943 semen
354 1904 611 1960 germinans
645 1904 840 1945 subierit
868 1937 876 1945 .

243 1962 288 2017 ς.
334 1965 427 2005 128.
462 1963 557 2004 Imo
592 1979 698 2005 eum
743 1964 1022 2016 crediderit,
1081 1969 1251 2009 semina
1303 1970 1349 2008 in
1395 1967 1496 2009 oleo

175 2021 379 2065 demersa
416 2034 521 2066 tunc
556 2032 734 2066 tantum
771 2029 1040 2082 germinare,
1068 2029 1148 2069 ubi
1202 2030 1329 2085 prius
1375 2044 1494 2084 aqua

175 2083 492 2126 imbuerentur
521 2119 532 2136 ‚
561 2085 606 2126 id
641 2102 697 2127 ex
754 2086 1055 2128 dissolurione
1089 2103 1214 2146 aquae
1248 2089 1345 2130 fieri
1402 2104 1500 2129 ma-

177 2145 245 2198 gis
290 2147 521 2202 magisque
577 2146 847 2190 contendit.
905 2148 1059 2206 Siquis
1113 2164 1221 2191 vero
1256 2150 1493 2203 objecerit⁷

179 2206 355 2258 gummi
384 2238 394 2255 ,
441 2206 513 2247 vel
573 2206 672 2249 olea
700 2241 709 2258 ‚
762 2223 858 2263 quae
892 2210 938 2250 in
992 2210 1160 2251 semine
1216 2212 1497 2267 germinante

182 2270 304 2312 sunt,
337 2264 636 2309 dissolutione
669 2283 752 2309 sua
786 2271 986 2324 praebere
1024 2285 1318 2328 oxyge1u1n1‚·
1338 2278 1382 2311 et
1412 2269 1500 2324 hy-

181 2322 430 2380 drogenum
453 2326 508 2367 ad
539 2327 585 2368 id
607 2330 757 2385 operis
789 2333 1122 2372 necessarium:
1175 2331 1496 2374 Sennebierins
