1669 2563
298 115 379 156 130

286 218 507 260 Praeterea
547 217 710 260 foliola
737 250 749 269 ‚
781 225 864 259 aut
896 231 1091 274 squamae
1121 216 1293 272 calycis
1329 232 1536 260 commu-

224 281 294 320 nis
328 279 583 336 plurimum
613 281 792 321 variant
832 277 979 319 forma
999 311 1010 328 ,
1043 286 1087 318 ct
1131 286 1339 334 praestant
1370 282 1534 336 copia,

224 339 299 381 vel
334 338 516 382 defectu
549 338 750 397 pilorum
773 371 784 389 ,
808 338 1011 395 glutine,
1037 338 1232 394 aliisque
1264 340 1382 379 notis
1412 354 1536 380 more

224 399 474 450 foliorum,
506 408 551 442 et
581 409 842 441 caelerarum
874 398 1036 456 plantae
1069 400 1271 456 partium
1299 431 1309 448 ‚
1342 399 1397 440 de
1430 401 1537 456 qui-

226 462 315 502 bus
348 461 484 503 rebus
516 474 598 503 suo
630 459 734 503 loco
759 493 769 502 .
959 457 961 460 ⁴

769 607 967 652 Locusta
989 641 997 648 .

287 757 330 813 §.
356 760 426 799 33.
451 756 648 798 Locusta
669 754 719 796 fit
747 756 907 813 calyce
928 756 1235 813 monophyllo
1257 791 1268 808 ‚
1301 755 1534 814 (liphyllo‚

228 816 504 874 polyphyllO
527 849 537 866 ‚
570 831 706 873 quem
739 817 900 857 dicunt
935 817 1196 859 uniValvem
1219 851 1230 869 ,
1274 817 1503 859 hivalvem
1525 850 1535 868 ‚

228 876 561 925 multivalvem,
584 878 838 932 excipiente
863 875 995 917 flores
1018 877 1274 927 univalves‚
1298 877 1371 918 vel
1393 878 1539 918 bival-

232 952 331 986 ves,
359 936 503 977 valvis
535 935 738 989 ejusdem
778 944 1047 985 structurae,
1081 944 1125 976 et
1145 936 1238 977 fere
1271 939 1408 977 etIam
1442 937 1539 978 for-

227 1011 327 1045 ma*⁷
361 997 440 1052 qui
473 993 604 1035 fiores
637 1002 742 1035 sunt
775 994 1004 1044 solitarii,
1038 998 1231 1052 gemini,
1264 1004 1346 1036 aut
1377 995 1536 1052 plures

228 1058 302 1096 siti
329 1057 375 1095 in
398 1070 482 1096 axe
503 1056 765 1105 communi,
801 1053 1005 1096 filiformi
1026 1087 1035 1096 .
1069 1054 1243 1112 Reapse
1277 1054 1457 1096 locusta
1490 1056 1540 1097 fit

228 1117 428 1172 squamis
457 1113 860 1157 bracteiformibus
885 1147 896 1166 ‚
930 1117 1084 1172 potius
1125 1130 1264 1172 quam
1311 1130 1418 1156 vero
1466 1130 1540 1157 ca-

227 1175 331 1230 lyce
355 1207 365 1225 ,
397 1182 442 1216 et
471 1174 647 1216 corolla
669 1207 680 1216 .
713 1174 905 1232 Propria
935 1189 1002 1216 est
1034 1174 1294 1216 Graminum
1313 1207 1324 1225 ,
1362 1183 1405 1216 et
1450 1174 1541 1232 Cy-

221 1236 559 1291 peroidearum.
593 1234 684 1276 Ubi
714 1233 986 1286 multiflora‚
1016 1234 1186 1276 dicitur
1219 1238 1358 1276 etiam
1390 1239 1543 1291 spicu-

228 1297 301 1337 la.
333 1295 541 1337 Linnaeus
573 1296 740 1336 tribuit
769 1295 920 1350 calyci
951 1295 1137 1337 locustae
1168 1310 1336 1337 nomen
1357 1296 1537 1351 glumae,

229 1356 305 1397 sed
335 1357 528 1411 glumam
557 1370 743 1413 quoque
775 1356 895 1397 dixit
937 1354 1160 1397 corollam
1187 1388 1198 1406 ‚
1234 1356 1355 1396 unde
1390 1355 1540 1412 flores

228 1417 472 1471 gluma6ffl'3
505 1418 600 1472 ipse
631 1424 784 1457 autem
815 1424 910 1468 est,
945 1418 1025 1473 qui
1058 1415 1221 1457 foliola
1264 1424 1363 1456 tum
1413 1415 1538 1470 caly-

229 1479 292 1516 cis
320 1508 330 1526 ‚
364 1484 463 1517 tum
493 1475 673 1517 corollae
700 1477 889 1527 valvas,
923 1484 1003 1517 aut
1035 1476 1233 1517 valvulas
1281 1478 1458 1532 primus
1493 1478 1541 1516 in

230 1535 421 1577 locustis
467 1538 782 1592 nuncupavit,
830 1544 876 1578 et
919 1551 1016 1593 quae
1060 1536 1336 1592 appendices
1387 1535 1539 1576 forma

230 1610 423 1651 squamae
451 1628 461 1645 ‚
494 1604 575 1637 aut
606 1595 808 1654 pilorum
851 1611 961 1652 saepe
1005 1598 1052 1636 in
1083 1596 1242 1637 iisdem
1283 1604 1538 1637 occurrunt

228 1657 350 1697 circa
374 1655 619 1712 genitalia,
653 1658 943 1697 nectariorum
968 1688 978 1706 ‚
1023 1662 1103 1696 aut
1139 1657 1343 1698 villorum
1392 1658 1538 1696 nomi-

228 1730 285 1755 ne
316 1715 549 1757 distinxit.
580 1714 825 1757 Mirbelius
854 1718 1012 1772 glumoe
1037 1731 1202 1757 nomen
1235 1717 1427 1757 retinuit
1449 1730 1537 1773 pro

228 1773 513 1816 locustarum
563 1775 721 1830 calyce
748 1808 758 1826 ,
802 1777 1056 1832 glumellam
1099 1776 1219 1816 dixit
1264 1775 1491 1818 corollam
1521 1808 1532 1825 ‚

228 1834 384 1876 valvas
414 1833 585 1889 calycis
615 1835 891 1892 spadzeHas,
925 1835 1080 1877 valvas
1111 1834 1297 1877 corollae
1328 1836 1534 1891 spatlzel-

230 1895 347 1935 lulas
371 1927 382 1945 ‚
415 1897 613 1936 nectaria
633 1928 644 1945 ‚
677 1903 721 1936 et
751 1895 889 1937 villos
915 1896 1124 1951 paleolas
1143 1928 1154 1946 ,
1188 1904 1233 1937 et
1260 1895 1427 1937 harum
1460 1911 1536 1952 pa-

230 1952 457 1995 leolarum
486 1953 826 2012 copulationem
858 1956 1096 1997 lodiculam
1138 1971 1246 1997 cum
1289 1955 1536 1996 Palissotio

230 2013 485 2071 appellavit
505 2046 516 2056 .
548 2014 758 2056 Attamen
789 2014 999 2073 plerique
1029 2015 1236 2056 Botanici
1285 2015 1445 2057 Galliae
1479 2016 1535 2056 de

229 2072 314 2115 hac
341 2076 514 2115 ratione
544 2075 890 2117 determinandae
934 2075 1122 2117 locustae
1172 2091 1282 2117 cum
1317 2075 1535 2117 Mirbelio

230 2148 320 2174 non
349 2136 646 2185 conveniunt,
678 2142 723 2176 et
755 2143 850 2186 tot,
882 2138 1112 2192 tantisque
1144 2136 1411 2177 nominibus
1438 2151 1539 2178 eas-

231 2193 334 2234 dem
365 2193 548 2235 locustae
578 2203 728 2252 partes
774 2195 1102 2254 distinguunt,
1146 2209 1198 2238 ut
1243 2196 1540 2237 commodita-

234 2262 328 2295 tem
358 2252 539 2295 nullam
563 2287 575 2306 ‚
607 2253 921 2298 confusionem
954 2255 1201 2314 plurimam
1234 2255 1541 2314 discrepantia
