1669 2563
203 105 282 146 156

138 210 358 267 congesti,
391 205 561 264 aliique
592 208 638 246 in
670 203 827 246 eodem
853 199 985 242 caule
1018 198 1231 249 solitarii,
1268 200 1426 255 sparsi,

140 273 205 311 ita
237 278 281 310 et
323 271 368 309 in
399 267 706 324 cryptogamis
743 261 1016 321 quibusdam
1052 259 1129 300 alii
1164 258 1296 300 flores
1326 273 1434 298 coa-

141 331 333 379 dunati,
364 326 444 368 alii
491 326 722 375 solitarii,
776 324 916 380 sparsi
972 323 1018 361 in
1074 319 1231 361 eodem
1282 332 1435 360 cornio

144 395 395 431 occurrunt
430 385 638 444 exemplo
671 383 1034 426 luculentissimo
1084 379 1326 421 Lichenum
1350 411 1361 429 ‚
1395 384 1440 418 et

143 449 500 507 Lycopodiorum
517 479 527 488 .

158 569 391 611 Dactrinae
419 564 748 609 Hornsclzuchii
781 597 793 616 ,
821 571 863 606 et
894 560 1052 606 Neesii
1084 559 1138 601 ab
1167 557 1393 601 Esenbeck·
1419 588 1429 599 .

204 688 251 744 §.
284 688 384 742 445.
417 686 574 727 Finem
595 685 703 726 huic
728 684 869 740 capiti
895 681 1102 723 facturus
1127 695 1216 721 non
1242 693 1443 736 possum,

151 751 266 806 quin
297 749 549 795 observem,
573 745 772 786 theorias
793 742 1160 786 Clarissimorum
1182 738 1450 781 Hornsehu-

146 809 270 858 chii,
297 815 344 848 et
389 807 543 848 Neesii
580 805 639 846 ab
688 802 921 845 Esenbeck
967 801 1021 843 de
1070 800 1372 850 formatione,
1406 805 1450 838 et

148 866 593 922 metamorphosibus
624 863 886 921 plantarum
930 868 1335 918 cryptogamarum
1387 859 1452 898 ita

148 943 241 969 esse
273 926 505 975 conditas,
538 932 590 964 ut
621 930 757 980 agant
786 923 840 963 de
873 923 958 970 iis,
999 936 1096 977 quae
1128 921 1331 960 humanae
1387 919 1452 957 in-

149 987 408 1044 telligentiae
449 983 558 1025 fines
589 981 1020 1039 praetergrediuntur
1041 1013 1052 1031 ,
1086 994 1290 1036 quasque
1317 978 1454 1019 Sum-

147 1062 249 1088 mus
275 1061 427 1087 rerum
442 1042 611 1101 Opifex
627 1041 848 1084 altissimo
865 1041 1106 1082 creationis
1131 1039 1349 1094 mysterio
1373 1038 1456 1079 ob-

151 1107 321 1156 duxit3
365 1120 508 1162 quare
563 1118 643 1145 nos
693 1101 872 1143 easdem
926 1099 1126 1142 theorias
1178 1100 1333 1140 missas
1387 1096 1461 1138 fa-

152 1169 330 1216 cimus,
363 1167 535 1222 quippe
579 1178 676 1220 quae
707 1162 945 1204 hominum
970 1160 1211 1201 doctorum
1244 1156 1457 1214 quidem,

153 1233 200 1268 at
248 1225 484 1267 hominum
538 1222 749 1283 figmenta
790 1223 943 1265 verbis
992 1218 1153 1263 scholae
1208 1219 1459 1276 purissimae

154 1287 391 1329 enuntiata
414 1319 424 1328 .

536 1788 701 1831 FINIS
732 1787 891 1831 LIBRI
922 1787 1107 1831 PRIMI.
