1669 2563
1370 185 1423 226 23

195 294 304 338 saepe
326 280 584 323 dividatur:
608 278 709 320 ideo
730 284 775 319 et
796 277 969 336 duplex
994 279 1092 322 dari
1121 284 1484 339 integumentum

196 343 377 381 seminis
401 355 505 380 cum
537 337 820 395 Malphighio
845 370 856 389 ‚
902 347 946 380 et
997 344 1330 386 recentioribus
1362 346 1487 387 mul-

194 403 250 441 tis
274 413 504 441 censemus
522 429 533 447 ‚
565 412 761 454 quorum
786 401 986 440 exterius
1016 400 1352 456 appellabimus
1383 420 1489 447 cum

194 459 442 500 Goertnero
490 466 645 498 testam
670 488 687 510 ,
730 459 922 500 interius
954 467 1122 514 tegmen
1144 492 1154 502 .
1210 461 1491 520 Malpighius

194 518 390 560 alterum
441 516 622 558 dixerat
668 517 851 559 clzorion
880 550 891 569 ,
919 517 1118 560 alterum
1164 524 1370 563 amnion.

252 578 295 632 ξ.
329 576 401 618 85.
434 575 567 618 Testa
598 575 833 634 superficie
866 586 1087 636 perpetuo
1133 577 1245 621 levis
1268 613 1278 622 .
1330 579 1492 624 Variat

195 651 382 678 carnosa
401 668 412 687 ,
442 637 785 679 membranacea
803 669 814 688 ‚
841 644 975 679 tenax
999 670 1010 689 ,
1044 647 1251 681 crustosa
1280 671 1291 690 ,
1327 655 1450 682 ossea
1477 674 1488 685 .

190 695 334 747 Poris,
366 695 623 753 areolisque
656 696 896 754 polygonis
918 700 1037 740 vitro
1069 700 1398 755 conspiciendis
1418 715 1494 742 ex-

192 758 334 798 terius
367 764 508 797 scatet
544 758 677 811 juxta
726 758 1066 799 observationes
1117 758 1361 817 Malpighii
1390 792 1402 810 ,
1448 768 1494 802 et.

191 815 393 857 Mirbelii
423 847 432 857 .
465 815 569 857 Pori
602 816 649 857 hi
680 816 918 859 canalibus
952 818 1253 875 respondent,
1287 821 1368 876 qui
1413 836 1493 877 per

190 882 352 917 testam
382 878 509 917 vario
540 876 675 917 modo
701 885 980 920 excurrunt.
1013 877 1122 920 Pars
1152 887 1272 920 testae
1302 894 1492 922 carnosa

187 936 463 993 qmbusdam
500 938 775 978 sarcoderma
817 938 976 980 audit.
1019 938 1285 980 Cavendum
1339 948 1494 982 autem

189 1004 256 1037 est
282 1028 294 1047 ,
328 1011 383 1038 ne
416 1003 530 1036 testa
575 999 768 1039 crassior
812 999 861 1038 in
913 997 1069 1056 plures
1122 998 1368 1050 lamellas,
1420 999 1495 1042 vel

191 1063 329 1097 strata
359 1063 456 1097 arte
489 1056 720 1099 dividatur
748 1090 759 1108 ,
790 1065 954 1100 natura
986 1058 1240 1101 reluctante
1268 1092 1278 1101 .

253 1116 297 1171 ἓ.
331 1115 402 1158 86.
437 1115 490 1156 In
521 1124 635 1158 testa
659 1126 836 1159 meatus
867 1127 967 1169 est,
1000 1133 1136 1176 quem
1157 1120 1295 1160 hilum
1323 1151 1334 1169 ‚
1371 1122 1493 1161 cica-

193 1179 371 1226 tricem,
394 1175 638 1231 fenestram
658 1209 668 1227 ,
721 1178 969 1220 umbilicum
1023 1182 1269 1220 anatomici
1302 1180 1491 1221 dicunt.

193 1236 288 1276 Hac
321 1235 609 1276 umbilicalia
639 1251 744 1278 vasa
776 1252 924 1279 semen
972 1239 1298 1295 ingrediuntur
1323 1271 1333 1280 .
1367 1239 1493 1280 Mea-

192 1302 292 1335 tum
323 1298 464 1336 istum
501 1295 733 1352 duplicem
767 1312 859 1339 esse
884 1298 1064 1339 mavult
1097 1299 1350 1355 Turpinius
1376 1331 1387 1349 ‚
1421 1298 1496 1339 al-

193 1361 343 1396 terum
376 1369 457 1411 pro
479 1357 691 1396 nutriciis
721 1358 838 1397 vasis
862 1388 874 1407 ‚
907 1359 988 1414 qui
1023 1358 1352 1413 omplzaloclium
1378 1390 1389 1408 ‚
1423 1358 1496 1399 al-

190 1422 339 1456 terum
371 1428 452 1470 pro
483 1417 603 1455 vasis
633 1418 889 1471 genituram
908 1417 1162 1459 ferentibus
1193 1417 1490 1474 excipiendis,

190 1476 268 1530 qui
303 1475 536 1527 micropila
579 1474 840 1530 appellatur
869 1508 878 1517 .
916 1477 1196 1518 Adversatur
1231 1476 1491 1527 Mirbelius,

188 1541 233 1575 et
264 1532 320 1573 lis
353 1532 505 1573 adhuc
533 1534 619 1574 sub
651 1534 807 1588 judice
838 1566 846 1575 .

251 1593 295 1648 ξ.
329 1594 399 1648 87.
433 1591 503 1633 Ad
535 1607 660 1633 oram
693 1592 892 1635 fenestrae
934 1596 981 1635 in
1036 1595 1314 1652 quibusdam
1368 1598 1496 1638 testis

189 1652 297 1694 hinc
334 1651 586 1695 caruncula
617 1652 842 1695 cellulosa
871 1687 882 1704 ‚
916 1656 962 1695 in
993 1670 1084 1712 qua
1115 1655 1273 1697 areolae
1305 1655 1502 1713 polygo-

191 1729 253 1755 nae
285 1746 295 1764 ‚
329 1726 441 1771 poro
472 1712 664 1754 centrali
697 1722 885 1770 pertusae
932 1730 1015 1772 ope
1047 1718 1155 1756 vitri
1210 1718 1497 1773 conspiciun-

193 1781 269 1815 tur
299 1806 310 1824 ‚
344 1773 448 1814 inde
481 1771 553 1813 vel
587 1774 875 1816 scrobiculus
905 1807 915 1825 ‚
949 1774 1022 1816 vel
1054 1783 1276 1833 punctum
1333 1778 1499 1833 promi-

194 1849 337 1884 nens3
372 1841 569 1890 utraque
602 1849 671 1875 res
702 1837 821 1892 apici
854 1834 1070 1878 radiculae
1103 1836 1378 1894 respondens
1402 1868 1412 1878 .

251 1894 295 1949 §.
329 1894 398 1935 88.
428 1893 623 1950 Tegmen
657 1892 705 1935 fit
736 1895 998 1936 membrana
1031 1899 1157 1937 tenui
1204 1897 1375 1953 absque
1429 1909 1502 1937 su-

194 1957 338 2004 turis,
371 1968 468 2011 quae
499 1962 753 1996 extremum
785 1954 1047 1997 funiculum
1075 1956 1390 1998 umbilicalem
1427 1971 1502 1996 ex-

193 2016 334 2072 cipit,
369 2021 413 2055 et
444 2015 492 2054 in
524 2013 725 2057 arefacto
760 2017 926 2057 semine
961 2024 1078 2058 testae
1110 2026 1234 2060 arcte
1268 2017 1467 2058 adhaeret
1490 2047 1501 2057 .

253 2074 297 2129 ξ.
331 2076 402 2132 89.
435 2073 733 2116 Umbilicalia
781 2090 887 2116 vasa
942 2091 1034 2118 non
1085 2093 1260 2135 semper
1308 2078 1367 2119 ab
1407 2074 1504 2116 hilo

197 2143 320 2175 recta
353 2134 552 2176 subeunt
583 2137 801 2177 interiora
835 2138 1017 2177 seminis
1041 2171 1052 2189 ,
1081 2138 1156 2179 secl
1187 2153 1345 2179 eorum
1384 2136 1504 2178 funi-

197 2193 331 2236 culus
360 2197 481 2235 intra
513 2198 829 2254 epispermatis
860 2197 1159 2240 substantiam
1182 2230 1193 2248 ‚
1227 2212 1306 2240 seu
1357 2198 1501 2238 mavis

200 2254 316 2295 inter
348 2262 508 2296 testam
541 2288 552 2306 ,
583 2264 628 2298 et
682 2265 859 2314 tegmen
911 2259 1118 2299 excurrit
1145 2291 1156 2308 ,
1208 2273 1300 2316 quo
1352 2264 1500 2297 tractu

201 2313 338 2371 rapke
386 2324 680 2374 nuncupatur
720 2349 732 2368 ,
786 2325 832 2359 et
884 2332 975 2374 quo
1029 2326 1198 2376 puncto
1253 2316 1326 2359 hic
1380 2316 1501 2358 idem
