1669 2563
1256 100 1338 142 229

101 215 288 251 cavum,
326 199 401 241 sed
430 205 535 238 tunc
557 192 789 243 dividunt,
824 193 904 234 ubi
939 197 1272 250 conjungantur
1297 205 1403 231 cum

102 262 418 317 dissepiinento
463 254 674 312 opposito
704 284 714 292 .

161 319 391 375 Completa
419 349 429 365 ‚
457 329 553 372 quae
584 314 757 367 integre
787 309 1000 353 dividunt
1029 314 1274 353 cavitatem
1326 325 1406 365 pe-

104 380 291 437 ricarpii
317 409 328 428 ,
371 383 424 416 ut
472 370 698 432 generalia
723 402 735 419 ‚
768 370 840 412 vel
892 380 943 412 ut
974 370 1189 429 partialia
1222 369 1315 409 duo
1348 372 1408 409 si-

104 442 150 484 bi
187 436 471 480 occursantia
497 465 507 474 .
538 431 779 474 Contraria
810 429 879 472 his
910 432 1176 487 incompleta
1199 460 1208 468 .

170 497 409 546 Valvaria,
441 506 538 551 quae
588 489 704 531 fiunt
733 505 759 531 a
801 491 1098 548 productione
1154 487 1409 529 substantiae

106 557 343 602 valvarum
361 586 371 596 .

163 616 384 659 Mediana
412 644 424 664 ,
460 625 557 669 quae
589 612 802 652 oriuntur
846 625 872 652 a
912 617 1043 668 parte
1076 607 1224 650 media
1255 604 1411 646 valva-

105 692 207 720 rum
230 708 239 718 .

164 732 449 791 Marginalia
475 763 487 782 ‚
519 729 722 788 profecta
748 745 773 771 a
803 732 1006 787 margine
1051 725 1216 769 inflexo
1259 722 1415 764 valva-

105 811 208 839 rum
236 827 247 846 ,
278 801 324 836 et
354 791 410 834 ad
443 806 574 833 axem
606 791 849 849 pericarpii
885 792 977 833 sive
1012 803 1172 831 verum
1201 819 1212 836 ‚
1239 786 1331 826 sive
1364 782 1416 823 fi-

105 857 288 898 ctitium
321 852 627 911 pertingentia
654 882 664 892 .

167 913 455 957 Bilamellata
483 944 492 961 ,
523 910 641 952 facta
673 925 698 950 a
729 908 898 951 lamina
928 907 1128 966 duplici,
1172 904 1417 946 adhaerenti

107 975 346 1019 valvarum
378 972 576 1014 duarum
607 967 973 1019 introflexarum,
1004 982 1101 1025 quae
1125 966 1298 1007 laminae
1333 964 1420 1004 ite-

110 1052 212 1078 rum
248 1041 514 1091 separantur
545 1031 812 1072 maturitate
855 1028 1036 1072 fructus
1060 1059 1070 1069 .

169 1094 461 1138 Placentaria
491 1124 503 1142 ‚
533 1092 806 1149 pertinentia
849 1089 906 1131 ad
954 1087 1209 1146 placentam
1268 1082 1420 1126 radia-

111 1165 233 1205 tam,
266 1169 363 1212 quae
396 1152 536 1194 radiis
574 1152 668 1191 suis
704 1150 965 1192 extenditur
998 1147 1054 1189 ad
1087 1154 1270 1188 suturas
1301 1175 1312 1194 ,
1343 1140 1421 1184 vel

112 1215 170 1257 ad
194 1217 388 1272 parietes
420 1212 684 1269 pericarpii‚
706 1210 984 1267 quibuscum
1007 1207 1142 1249 haeret
1171 1238 1181 1246 .

173 1274 489 1326 Interpositiva
511 1304 520 1320 ‚
550 1285 654 1312 cum
695 1286 721 1311 a
756 1278 912 1311 centro
964 1267 1209 1325 pericarpii
1260 1261 1423 1304 multi-

115 1333 260 1377 valvis
292 1333 562 1391 perveniunt
603 1329 659 1370 ad
699 1329 900 1387 singulas
935 1336 1132 1376 sutum-253
1163 1339 1254 1383 qua
1289 1323 1344 1364 de
1377 1337 1424 1363 re

117 1393 345 1436 alternant
371 1407 475 1433 cum
506 1389 652 1432 valvis
676 1422 686 1431 .

183 1453 227 1497 V
225 1454 339 1494 alvis
364 1452 589 1508 parallela
613 1482 623 1500 ,
658 1450 795 1491 valvis
824 1449 1049 1490 contraria
1076 1447 1165 1502 jam
1197 1443 1423 1494 vidimus,

118 1529 224 1556 cum
257 1512 443 1569 loquuti
473 1525 630 1552 sumus
661 1509 716 1550 de
749 1508 922 1564 siliqua
948 1539 957 1549 .

181 1572 426 1629 Ambigua,
463 1585 558 1628 quae
589 1572 634 1611 in
667 1570 922 1627 pericarpio
954 1565 1253 1608 indehiscenti
1278 1578 1429 1621 aequa-

120 1632 228 1674 liter
260 1632 429 1673 haerent
459 1638 505 1672 et
535 1631 610 1671 axi
641 1663 651 1680 ‚
685 1637 729 1671 et
760 1627 1052 1686 peripheriae.

183 1691 304 1734 Fixa
328 1724 340 1743 ,
366 1705 465 1748 quae
490 1723 501 1741 ,
538 1696 878 1731 maturescente
910 1686 1067 1730 fructu
1092 1717 1104 1736 ‚
1157 1690 1337 1725 servant
1365 1680 1432 1723 lo-

121 1768 225 1795 cum
244 1785 256 1804 ‚
288 1759 333 1794 et
363 1750 638 1793 adhaesiones
669 1764 772 1792 suas
796 1781 806 1791 .
839 1748 919 1791 His
963 1746 1194 1789 contraria
1225 1749 1331 1785 sunt
1380 1744 1431 1784 li-

124 1813 228 1855 bera
250 1845 261 1855 .

185 1871 476 1914 Persistentia
510 1902 521 1921 ,
568 1884 665 1928 quae
683 1902 695 1922 ,
748 1867 1073 1910 decidentibus
1125 1861 1274 1906 valvis
1300 1895 1312 1914 ,
1361 1878 1432 1903 re·-

112 1940 313 1974 ¹manent
341 1930 443 1973 loco
477 1944 558 1971 suo
584 1963 593 1972 .

190 1990 498 2042 Obmrrenfia,
531 1991 647 2032 idest
678 1987 893 2048 partialia
927 1988 1015 2029 sibi
1049 1984 1337 2027 occursantia
1361 2016 1371 2024 .

200 2051 474 2094 Verticillata
497 2083 508 2100 ,
538 2050 659 2092 idem
690 2065 741 2091 ac
775 2049 950 2091 radiata
973 2063 1000 2089 a
1030 2053 1186 2088 centro
1232 2045 1434 2100 pericar—

133 2113 195 2169 pii
233 2111 289 2152 ad
322 2111 624 2168 peripheriam
648 2143 657 2152 .

194 2170 493 2226 Placentifera
521 2203 530 2219 ,
568 2169 816 2227 seminz'fi’ra
846 2203 855 2220 ‚
900 2182 1005 2209 cum
1060 2165 1213 2208 ferunt
1257 2161 1434 2219 placen-

134 2239 225 2274 tam
251 2264 262 2283 ,
289 2231 388 2273 ideo
421 2232 616 2272 semina„
