1669 2563
1350 159 1406 214 39

178 268 384 311 carbonii
418 266 561 308 dosim
592 261 909 303 combustione
944 258 1144 299 obtinuit
1168 274 1193 299 a
1225 263 1309 315 pisi
1343 264 1470 303 semi-

180 328 333 378 nibus,
361 340 458 383 quae
492 330 593 380 post
624 320 997 377 germinationem
1030 319 1196 358 siccata
1250 319 1433 362 fuerant
1458 352 1470 371 ,

183 403 320 445 quam
357 387 415 428 ab
449 386 520 432 iis,
551 394 646 437 quae
678 393 910 435 nunquam
944 378 1306 434 germinaverant
1331 412 1340 421 .

251 448 295 501 ξ.
334 447 426 486 132.
462 442 681 497 Sequitur
714 454 769 480 ex
802 438 922 478 hisce
957 437 1376 479 observationibus:
1418 436 1474 479 1⁰.

184 506 360 547 nullam
392 503 488 543 dari
521 514 644 557 aquae
675 498 1021 540 dissolutionem
1053 499 1099 537 in
1152 499 1478 553 germinatione

186 565 364 607 seminis
391 595 401 612 ,
434 576 540 602 cum
570 557 728 600 nullus
760 573 834 599 aer
867 557 1177 613 hydrogenius
1197 589 1207 605 ‚
1240 556 1314 598 vel
1369 571 1478 610 oxy-

184 627 340 683 genius
371 621 488 662 liber
520 619 672 660 avolet
703 619 759 659 ab
791 617 874 658 illo
902 649 912 666 ‚
945 624 1093 657 totum
1125 626 1276 656 autem
1332 631 1481 656 aerem

188 684 461 740 oxygenium
494 678 793 736 atmosphaerae
821 711 831 727 ,
865 679 945 733 qui
971 692 997 716 a
1028 678 1193 717 semine
1247 674 1442 716 afficitur
1469 708 1479 725 ‚

185 758 290 786 cuin
323 742 539 783 carbonio
572 740 752 780 seminis
784 738 998 793 conjungi
1028 769 1038 786 ‚
1061 745 1106 777 et
1138 739 1185 776 in
1211 751 1360 777 aerem
1386 737 1482 775 aci-

186 803 294 844 dum
326 802 621 842 carbonicum
653 799 815 839 abire:
850 794 910 837 2⁰.
944 798 1111 838 semina
1137 830 1148 847 ,
1175 811 1279 837 cum
1333 797 1485 853 copio-

189 864 282 904 sius
303 894 313 911 ,
341 876 477 918 quam
510 875 588 917 par
623 866 691 899 est
716 891 726 908 ,
761 872 910 898 aerem
942 856 1125 897 acidum
1158 857 1454 898 carbonicum
1474 887 1485 904 ,

189 930 269 962 aut
302 922 555 978 septonium
575 952 586 970 ,
619 926 700 959 aut
730 917 1065 973 hydrogenium
1097 919 1311 957 omittunt
1337 948 1347 966 ,
1380 925 1486 955 tunc

187 997 282 1023 esse
319 981 587 1030 demortua,
621 987 665 1020 et
696 976 987 1019 dissolutioni
1020 979 1220 1033 partium
1254 976 1486 1023 obnoxia3

191 1057 286 1098 quae
320 1040 559 1082 dissolutio
592 1053 714 1079 nunc
762 1046 935 1078 tantum
982 1036 1128 1086 levis,
1176 1045 1220 1077 et
1269 1037 1490 1092 incipiens

189 1111 256 1142 est
290 1134 301 1152 ‚
333 1109 471 1158 prout
500 1103 548 1141 in
581 1100 820 1140 siccatione
865 1098 1104 1154 germinati
1151 1098 1330 1137 seminis
1381 1110 1491 1136 con-

193 1164 361 1219 tingit,
393 1175 513 1201 nunc
545 1160 690 1214 major
713 1191 722 1208 ,
757 1157 1029 1216 longiusque
1061 1171 1298 1213 progressa
1321 1188 1331 1205 ‚
1356 1163 1490 1196 tunc-

193 1236 282 1278 que
339 1237 394 1262 ex
445 1220 787 1262 fermentatione
821 1250 831 1268 ,
888 1226 934 1258 et
988 1216 1337 1273 putrefactione,
1392 1228 1495 1271 pro-

195 1289 250 1321 ut
280 1281 334 1322 de
390 1280 492 1321 feno
548 1280 726 1320 evenire
776 1277 1008 1325 vidimus,
1059 1275 1362 1333 dignoscenda
1389 1306 1398 1315 .
1431 1273 1491 1313 At

196 1355 475 1397 quaecunque
506 1354 557 1379 ea
591 1341 648 1378 sit
671 1370 681 1388 ‚
717 1336 919 1393 plurima
949 1334 1274 1376 exhalatorum
1318 1348 1422 1391 pars
1467 1348 1494 1373 a

198 1399 421 1441 dissoluta
454 1400 632 1439 seminis
666 1398 918 1437 substantia
949 1394 1251 1452 proficiscitur
1272 1426 1282 1435 .

262 1460 306 1514 ᾗ.
348 1461 443 1500 133.
476 1459 622 1514 Igitur
653 1456 783 1496 nulla
830 1471 935 1496 vera
989 1457 1257 1512 germinatio
1307 1452 1398 1494 fuit
1449 1454 1496 1493 in

199 1518 481 1560 Sennebierii
514 1515 729 1573 periculis
755 1548 764 1565 ‚
795 1530 874 1555 nec
907 1530 998 1555 esse
1026 1522 1203 1571 poterat
1237 1514 1409 1568 absque
1448 1527 1498 1552 a-

201 1578 514 1636 tmosphaerico
547 1591 647 1617 aere
666 1607 676 1625 ‚
705 1582 747 1615 et
773 1589 868 1631 quae
893 1576 1172 1615 consectaria
1194 1589 1218 1613 a
1240 1570 1500 1613 dissolutio-

201 1654 256 1680 ne
290 1653 412 1696 aquae
447 1637 566 1678 idem
600 1635 792 1676 deduxit
817 1667 827 1684 ,
860 1633 948 1674 haec
982 1635 1039 1675 ab
1072 1648 1193 1690 aqua
1223 1633 1503 1688 vegetationi

200 1700 451 1740 necessaria
480 1695 735 1738 nullimode
768 1703 898 1736 enata
932 1702 1053 1744 sunt,
1082 1708 1162 1735 nec
1190 1691 1502 1733 fermentantis

207 1758 300 1800 feni
333 1757 595 1815 exemplum
628 1755 882 1812 quidquam
912 1752 1023 1796 facit
1052 1754 1109 1795 ad
1164 1753 1505 1810 germinationis

208 1833 323 1876 opus
357 1817 683 1876 explicandum
702 1848 711 1858 .

264 1880 308 1935 ξ.
348 1881 441 1932 134.
478 1878 694 1934 Superest
727 1891 847 1917 nunc
878 1907 889 1925 ‚
921 1883 973 1915 ut
1006 1875 1060 1916 de
1101 1872 1417 1916 electricitatis
1460 1872 1507 1911 in

210 1941 582 1997 germinationem
615 1939 659 1978 vi
691 1937 832 1977 verba
863 1935 1110 1977 faciamus.
1140 1935 1281 1983 Sunt,
1315 1935 1395 1989 qui
1429 1946 1511 1988 pu-

204 2006 333 2050 tent,
368 1999 713 2041 electricitatem
744 1999 808 2037 ita
843 2012 974 2054 agere
995 2029 1005 2045 ,
1038 2004 1093 2036 ut
1125 1996 1295 2036 semina
1326 1992 1381 2033 ad
1414 2008 1512 2049 ger-

212 2062 503 2101 minationem
534 2060 672 2099 citius
698 2066 854 2099 evocet
879 2090 888 2106 ‚
926 2064 1046 2107 sunt,
1074 2057 1155 2113 qui
1187 2062 1344 2095 contra
1377 2053 1513 2093 senti-

215 2128 291 2160 ant
319 2153 328 2161 .
361 2120 502 2176 Atqui
536 2127 731 2175 utraque
766 2119 919 2174 opinio
951 2132 1058 2159 vera
1078 2150 1086 2158 .
1121 2114 1300 2156 Etenim
1332 2112 1514 2154 electri-

219 2194 270 2220 ca
295 2182 503 2221 materies
530 2181 575 2220 in
608 2180 759 2220 onmia
790 2185 959 2218 naturae
1012 2190 1206 2233 corpora
1250 2172 1401 2215 influit
1425 2205 1435 2223 ‚
1469 2178 1515 2212 et

222 2248 434 2296 operatur
459 2273 469 2291 ‚
495 2255 590 2297 quae
623 2254 727 2280 cum
759 2240 805 2279 in
838 2239 1063 2295 organicis
1084 2236 1356 2292 corporibus
1376 2233 1514 2274 nimia

223 2302 314 2351 sit,
346 2315 396 2341 ea
425 2299 618 2343 destruit
645 2332 656 2350 ,
702 2315 808 2342 cum
859 2299 1038 2340 modica
1058 2330 1068 2347 ,
1101 2299 1302 2339 actiones
1357 2307 1514 2335 eorum
