<?xml version="1.0" encoding="UTF-8"?>
<!DOCTYPE html PUBLIC "-//W3C//DTD XHTML 1.0 Transitional//EN"
    "http://www.w3.org/TR/xhtml1/DTD/xhtml1-transitional.dtd">
<html xmlns="http://www.w3.org/1999/xhtml" xml:lang="en" lang="en">
 <head>
  <title>
</title>
<meta http-equiv="Content-Type" content="text/html;charset=utf-8" />
  <meta name='ocr-system' content='tesseract 3.04.00' />
  <meta name='ocr-capabilities' content='ocr_page ocr_carea ocr_par ocr_line ocrx_word'/>
</head>
<body>
  <div class='ocr_page' id='page_1' title='image "antoniibertoloni00bert_0129.png"; bbox 0 0 1669 2563; ppageno 0'>
   <div class='ocr_carea' id='block_1_1' title="bbox 1257 190 1336 234">
    <p class='ocr_par' dir='ltr' id='par_1_1' title="bbox 1257 190 1336 234">
     <span class='ocr_line' id='line_1_1' title="bbox 1257 190 1336 234; baseline 0 -15"><span class='ocrx_word' id='word_1_1' title='bbox 1257 190 1336 234; x_wconf 79' lang='lat'>117</span> 
     </span>
    </p>
   </div>
   <div class='ocr_carea' id='block_1_2' title="bbox 407 335 1103 396">
    <p class='ocr_par' dir='ltr' id='par_1_2' title="bbox 407 335 1103 396">
     <span class='ocr_line' id='line_1_2' title="bbox 407 335 1103 396; baseline -0.006 -15"><span class='ocrx_word' id='word_1_2' title='bbox 407 337 634 396; x_wconf 82' lang='lat' dir='ltr'>Perfectio</span> <span class='ocrx_word' id='word_1_3' title='bbox 667 335 859 379; x_wconf 76' lang='lat' dir='ltr'>humoris</span> <span class='ocrx_word' id='word_1_4' title='bbox 896 338 942 378; x_wconf 84' lang='lat' dir='ltr'>in</span> <span class='ocrx_word' id='word_1_5' title='bbox 960 336 1103 393; x_wconf 86' lang='lat' dir='ltr'>flore.</span> 
     </span>
    </p>
   </div>
   <div class='ocr_carea' id='block_1_3' title="bbox 111 454 1446 2312">
    <p class='ocr_par' dir='ltr' id='par_1_3' title="bbox 111 454 1428 1233">
     <span class='ocr_line' id='line_1_3' title="bbox 168 454 1416 515; baseline -0.004 -13"><span class='ocrx_word' id='word_1_6' title='bbox 168 459 212 515; x_wconf 57' lang='grc' dir='ltr'>ξ.</span> <span class='ocrx_word' id='word_1_7' title='bbox 244 459 343 501; x_wconf 82' lang='lat'><strong>363.</strong></span> <span class='ocrx_word' id='word_1_8' title='bbox 375 458 549 499; x_wconf 87' lang='lat' dir='ltr'>Humor</span> <span class='ocrx_word' id='word_1_9' title='bbox 583 455 763 514; x_wconf 66' lang='lat' dir='ltr'>plantae,</span> <span class='ocrx_word' id='word_1_10' title='bbox 791 457 872 513; x_wconf 88' lang='lat' dir='ltr'>qui</span> <span class='ocrx_word' id='word_1_11' title='bbox 905 454 1087 497; x_wconf 90' lang='lat' dir='ltr'>devenit</span> <span class='ocrx_word' id='word_1_12' title='bbox 1117 455 1173 497; x_wconf 82' lang='lat' dir='ltr'>ad</span> <span class='ocrx_word' id='word_1_13' title='bbox 1224 458 1416 513; x_wconf 88' lang='lat' dir='ltr'>penitio-</span> 
     </span>
     <span class='ocr_line' id='line_1_4' title="bbox 112 514 1419 573; baseline -0.003 -13"><span class='ocrx_word' id='word_1_14' title='bbox 112 535 161 560; x_wconf 87' lang='lat' dir='ltr'>ra</span> <span class='ocrx_word' id='word_1_15' title='bbox 192 517 314 559; x_wconf 85' lang='lat' dir='ltr'>floris</span> <span class='ocrx_word' id='word_1_16' title='bbox 342 549 353 568; x_wconf 92' lang='lat'>,</span> <span class='ocrx_word' id='word_1_17' title='bbox 386 519 477 572; x_wconf 87' lang='lat' dir='ltr'>jam</span> <span class='ocrx_word' id='word_1_18' title='bbox 514 531 540 558; x_wconf 83' lang='lat' dir='ltr'>a</span> <span class='ocrx_word' id='word_1_19' title='bbox 571 517 874 573; x_wconf 82' lang='lat' dir='ltr'>respiratione</span> <span class='ocrx_word' id='word_1_20' title='bbox 906 514 1127 557; x_wconf 83' lang='lat' dir='ltr'>foliorum</span> <span class='ocrx_word' id='word_1_21' title='bbox 1153 548 1163 566; x_wconf 97' lang='lat'>,</span> <span class='ocrx_word' id='word_1_22' title='bbox 1210 516 1419 557; x_wconf 82' lang='lat' dir='ltr'>bractea-</span> 
     </span>
     <span class='ocr_line' id='line_1_5' title="bbox 113 574 1420 634; baseline -0.002 -15"><span class='ocrx_word' id='word_1_23' title='bbox 113 594 234 629; x_wconf 82' lang='lat' dir='ltr'>rum,</span> <span class='ocrx_word' id='word_1_24' title='bbox 271 584 315 618; x_wconf 91' lang='lat' dir='ltr'>et</span> <span class='ocrx_word' id='word_1_25' title='bbox 345 575 517 631; x_wconf 86' lang='lat' dir='ltr'>calycis</span> <span class='ocrx_word' id='word_1_26' title='bbox 560 578 721 634; x_wconf 82' lang='lat' dir='ltr'>purior</span> <span class='ocrx_word' id='word_1_27' title='bbox 753 574 902 617; x_wconf 84' lang='lat' dir='ltr'>sactus</span> <span class='ocrx_word' id='word_1_28' title='bbox 933 575 981 616; x_wconf 90' lang='lat' dir='ltr'>id</span> <span class='ocrx_word' id='word_1_29' title='bbox 1012 591 1157 616; x_wconf 89' lang='lat' dir='ltr'>unum</span> <span class='ocrx_word' id='word_1_30' title='bbox 1190 590 1310 616; x_wconf 86' lang='lat' dir='ltr'>nunc</span> <span class='ocrx_word' id='word_1_31' title='bbox 1335 590 1420 632; x_wconf 84' lang='lat' dir='ltr'>po·-</span> 
     </span>
     <span class='ocr_line' id='line_1_6' title="bbox 113 635 1420 692; baseline -0.002 -13"><span class='ocrx_word' id='word_1_32' title='bbox 113 640 197 679; x_wconf 88' lang='lat' dir='ltr'>scit</span> <span class='ocrx_word' id='word_1_33' title='bbox 223 669 234 688; x_wconf 93' lang='lat'>,</span> <span class='ocrx_word' id='word_1_34' title='bbox 266 644 321 677; x_wconf 90' lang='lat' dir='ltr'>ut</span> <span class='ocrx_word' id='word_1_35' title='bbox 364 635 653 678; x_wconf 83' lang='lat' dir='ltr'><strong>dulcedinem</strong></span> <span class='ocrx_word' id='word_1_36' title='bbox 681 668 691 686; x_wconf 95' lang='lat'>,</span> <span class='ocrx_word' id='word_1_37' title='bbox 725 642 772 677; x_wconf 87' lang='lat' dir='ltr'>et</span> <span class='ocrx_word' id='word_1_38' title='bbox 831 635 1055 676; x_wconf 85' lang='lat' dir='ltr'>lentorem</span> <span class='ocrx_word' id='word_1_39' title='bbox 1105 636 1420 692; x_wconf 70' lang='lat' dir='ltr'>adipiscatur,</span> 
     </span>
     <span class='ocr_line' id='line_1_7' title="bbox 111 693 1419 754; baseline -0.001 -17"><span class='ocrx_word' id='word_1_40' title='bbox 111 711 226 754; x_wconf 88' lang='lat' dir='ltr'>quos</span> <span class='ocrx_word' id='word_1_41' title='bbox 257 695 362 752; x_wconf 84' lang='lat' dir='ltr'>plus</span> <span class='ocrx_word' id='word_1_42' title='bbox 391 699 544 737; x_wconf 88' lang='lat' dir='ltr'>minus</span> <span class='ocrx_word' id='word_1_43' title='bbox 576 695 800 737; x_wconf 81' lang='lat' dir='ltr'>solemnes</span> <span class='ocrx_word' id='word_1_44' title='bbox 839 697 1052 736; x_wconf 84' lang='lat' dir='ltr'>novimus</span> <span class='ocrx_word' id='word_1_45' title='bbox 1083 697 1130 736; x_wconf 87' lang='grc'>111</span> <span class='ocrx_word' id='word_1_46' title='bbox 1162 698 1258 753; x_wconf 85' lang='lat' dir='ltr'>ipso</span> <span class='ocrx_word' id='word_1_47' title='bbox 1292 693 1419 736; x_wconf 87' lang='lat' dir='ltr'>flore.</span> 
     </span>
     <span class='ocr_line' id='line_1_8' title="bbox 112 753 1420 813; baseline -0.002 -16"><span class='ocrx_word' id='word_1_48' title='bbox 112 756 320 797; x_wconf 81' lang='lat' dir='ltr'>Plurimae</span> <span class='ocrx_word' id='word_1_49' title='bbox 352 756 540 797; x_wconf 81' lang='lat' dir='ltr'>tracheae</span> <span class='ocrx_word' id='word_1_50' title='bbox 560 788 571 806; x_wconf 89' lang='lat'>,</span> <span class='ocrx_word' id='word_1_51' title='bbox 604 771 700 813; x_wconf 86' lang='lat' dir='ltr'>quae</span> <span class='ocrx_word' id='word_1_52' title='bbox 733 758 780 796; x_wconf 89' lang='lat' dir='ltr'>in</span> <span class='ocrx_word' id='word_1_53' title='bbox 828 753 1124 812; x_wconf 85' lang='lat' dir='ltr'>receptaculo</span> <span class='ocrx_word' id='word_1_54' title='bbox 1145 788 1156 806; x_wconf 94' lang='lat'>,</span> <span class='ocrx_word' id='word_1_55' title='bbox 1210 753 1388 796; x_wconf 78' lang='lat' dir='ltr'>corolla</span> <span class='ocrx_word' id='word_1_56' title='bbox 1408 786 1420 805; x_wconf 92' lang='lat'><em>‚</em></span> 
     </span>
     <span class='ocr_line' id='line_1_9' title="bbox 114 814 1424 873; baseline -0.002 -15"><span class='ocrx_word' id='word_1_57' title='bbox 114 817 412 867; x_wconf 82' lang='lat' dir='ltr'>staminibus,</span> <span class='ocrx_word' id='word_1_58' title='bbox 447 814 713 873; x_wconf 84' lang='lat' dir='ltr'>pistilloque</span> <span class='ocrx_word' id='word_1_59' title='bbox 745 817 1056 872; x_wconf 87' lang='lat' dir='ltr'>reperiuntur,</span> <span class='ocrx_word' id='word_1_60' title='bbox 1085 815 1131 856; x_wconf 84' lang='lat' dir='ltr'>id</span> <span class='ocrx_word' id='word_1_61' title='bbox 1180 817 1226 855; x_wconf 89' lang='lat' dir='ltr'>in</span> <span class='ocrx_word' id='word_1_62' title='bbox 1264 817 1424 871; x_wconf 80' lang='lat' dir='ltr'>primis</span> 
     </span>
     <span class='ocr_line' id='line_1_10' title="bbox 115 873 1425 934; baseline 0 -18"><span class='ocrx_word' id='word_1_63' title='bbox 115 874 328 934; x_wconf 85' lang='lat' dir='ltr'>perficere</span> <span class='ocrx_word' id='word_1_64' title='bbox 361 876 594 926; x_wconf 83' lang='lat' dir='ltr'>videntur,</span> <span class='ocrx_word' id='word_1_65' title='bbox 627 891 735 917; x_wconf 90' lang='lat' dir='ltr'>cum</span> <span class='ocrx_word' id='word_1_66' title='bbox 766 875 814 916; x_wconf 90' lang='lat' dir='ltr'>id</span> <span class='ocrx_word' id='word_1_67' title='bbox 865 890 1050 933; x_wconf 88' lang='lat' dir='ltr'>quoque</span> <span class='ocrx_word' id='word_1_68' title='bbox 1095 873 1333 933; x_wconf 80' lang='lat' dir='ltr'>perficiant</span> <span class='ocrx_word' id='word_1_69' title='bbox 1376 876 1425 916; x_wconf 91' lang='lat' dir='ltr'>in</span> 
     </span>
     <span class='ocr_line' id='line_1_11' title="bbox 117 932 1424 993; baseline 0 -16"><span class='ocrx_word' id='word_1_70' title='bbox 117 951 253 977; x_wconf 90' lang='lat' dir='ltr'>succo</span> <span class='ocrx_word' id='word_1_71' title='bbox 285 938 480 993; x_wconf 84' lang='lat' dir='ltr'>junioris</span> <span class='ocrx_word' id='word_1_72' title='bbox 512 935 745 978; x_wconf 88' lang='lat' dir='ltr'>medullae.</span> <span class='ocrx_word' id='word_1_73' title='bbox 768 935 828 976; x_wconf 85' lang='lat' dir='ltr'>At</span> <span class='ocrx_word' id='word_1_74' title='bbox 858 950 951 993; x_wconf 91' lang='lat' dir='ltr'>quo</span> <span class='ocrx_word' id='word_1_75' title='bbox 982 947 1116 992; x_wconf 87' lang='lat' dir='ltr'>pacto</span> <span class='ocrx_word' id='word_1_76' title='bbox 1149 932 1424 992; x_wconf 79' lang='lat' dir='ltr'>perficiunt?</span> 
     </span>
     <span class='ocr_line' id='line_1_12' title="bbox 114 994 1426 1054; baseline -0.002 -17"><span class='ocrx_word' id='word_1_77' title='bbox 114 996 251 1038; x_wconf 88' lang='lat' dir='ltr'>Forte</span> <span class='ocrx_word' id='word_1_78' title='bbox 284 1011 368 1054; x_wconf 89' lang='lat' dir='ltr'>ope</span> <span class='ocrx_word' id='word_1_79' title='bbox 400 998 532 1046; x_wconf 80' lang='lat' dir='ltr'>aeris,</span> <span class='ocrx_word' id='word_1_80' title='bbox 567 1011 705 1053; x_wconf 87' lang='lat' dir='ltr'>quem</span> <span class='ocrx_word' id='word_1_81' title='bbox 738 994 915 1046; x_wconf 86' lang='lat' dir='ltr'>ferunt,</span> <span class='ocrx_word' id='word_1_82' title='bbox 949 997 1012 1037; x_wconf 89' lang='lat' dir='ltr'>sic</span> <span class='ocrx_word' id='word_1_83' title='bbox 1039 1003 1093 1035; x_wconf 89' lang='lat' dir='ltr'>ut</span> <span class='ocrx_word' id='word_1_84' title='bbox 1122 995 1268 1050; x_wconf 85' lang='lat' dir='ltr'>major</span> <span class='ocrx_word' id='word_1_85' title='bbox 1309 1009 1426 1050; x_wconf 82' lang='lat' dir='ltr'>oxy-</span> 
     </span>
     <span class='ocr_line' id='line_1_13' title="bbox 118 1053 1428 1114; baseline -0.002 -16"><span class='ocrx_word' id='word_1_86' title='bbox 118 1059 221 1114; x_wconf 82' lang='lat' dir='ltr'>geni</span> <span class='ocrx_word' id='word_1_87' title='bbox 253 1058 386 1114; x_wconf 88' lang='lat' dir='ltr'>copia</span> <span class='ocrx_word' id='word_1_88' title='bbox 417 1057 653 1106; x_wconf 85' lang='lat' dir='ltr'>carbonio,</span> <span class='ocrx_word' id='word_1_89' title='bbox 676 1063 721 1097; x_wconf 91' lang='lat' dir='ltr'>et</span> <span class='ocrx_word' id='word_1_90' title='bbox 747 1055 1014 1112; x_wconf 84' lang='lat' dir='ltr'>hydrogeno</span> <span class='ocrx_word' id='word_1_91' title='bbox 1039 1053 1162 1097; x_wconf 74' lang='lat' dir='ltr'>floris</span> <span class='ocrx_word' id='word_1_92' title='bbox 1211 1068 1428 1112; x_wconf 77' lang='lat' dir='ltr'>superve-</span> 
     </span>
     <span class='ocr_line' id='line_1_14' title="bbox 117 1116 1427 1173; baseline -0.002 -15"><span class='ocrx_word' id='word_1_93' title='bbox 117 1119 219 1158; x_wconf 86' lang='lat' dir='ltr'>niat</span> <span class='ocrx_word' id='word_1_94' title='bbox 248 1116 306 1157; x_wconf 88' lang='lat' dir='ltr'>ad</span> <span class='ocrx_word' id='word_1_95' title='bbox 339 1116 636 1166; x_wconf 79' lang='lat' dir='ltr'>saccharum,</span> <span class='ocrx_word' id='word_1_96' title='bbox 664 1123 708 1157; x_wconf 87' lang='lat' dir='ltr'>et</span> <span class='ocrx_word' id='word_1_97' title='bbox 742 1118 917 1172; x_wconf 81' lang='lat' dir='ltr'>gummi</span> <span class='ocrx_word' id='word_1_98' title='bbox 952 1129 1035 1173; x_wconf 89' lang='lat' dir='ltr'>pro</span> <span class='ocrx_word' id='word_1_99' title='bbox 1069 1128 1206 1156; x_wconf 89' lang='lat' dir='ltr'>succo</span> <span class='ocrx_word' id='word_1_100' title='bbox 1239 1116 1427 1156; x_wconf 82' lang='lat' dir='ltr'>suavio-</span> 
     </span>
     <span class='ocr_line' id='line_1_15' title="bbox 124 1175 881 1233; baseline -0.001 -16"><span class='ocrx_word' id='word_1_101' title='bbox 124 1178 180 1227; x_wconf 87' lang='lat' dir='ltr'>ri,</span> <span class='ocrx_word' id='word_1_102' title='bbox 202 1175 479 1232; x_wconf 84' lang='lat' dir='ltr'>lentiorique</span> <span class='ocrx_word' id='word_1_103' title='bbox 501 1176 855 1233; x_wconf 84' lang='lat' dir='ltr'>comparandum</span> <span class='ocrx_word' id='word_1_104' title='bbox 872 1207 881 1216; x_wconf 91' lang='lat'><strong>.</strong></span> 
     </span>
    </p>

    <p class='ocr_par' dir='ltr' id='par_1_4' title="bbox 124 1233 1446 2312">
     <span class='ocr_line' id='line_1_16' title="bbox 187 1233 1428 1291; baseline -0.004 -12"><span class='ocrx_word' id='word_1_105' title='bbox 187 1236 232 1291; x_wconf 77' lang='lat'>§.</span> <span class='ocrx_word' id='word_1_106' title='bbox 267 1236 368 1289; x_wconf 77' lang='lat'>364.</span> <span class='ocrx_word' id='word_1_107' title='bbox 400 1236 615 1277; x_wconf 82' lang='lat' dir='ltr'>Praeterea</span> <span class='ocrx_word' id='word_1_108' title='bbox 647 1233 727 1276; x_wconf 86' lang='lat' dir='ltr'>fios</span> <span class='ocrx_word' id='word_1_109' title='bbox 759 1242 930 1277; x_wconf 81' lang='lat' dir='ltr'>tantam</span> <span class='ocrx_word' id='word_1_110' title='bbox 974 1233 1115 1276; x_wconf 84' lang='lat' dir='ltr'>habet</span> <span class='ocrx_word' id='word_1_111' title='bbox 1160 1240 1428 1291; x_wconf 82' lang='lat' dir='ltr'>potestatem</span> 
     </span>
     <span class='ocr_line' id='line_1_17' title="bbox 125 1295 1427 1353; baseline -0.002 -18"><span class='ocrx_word' id='word_1_112' title='bbox 125 1310 260 1353; x_wconf 86' lang='lat' dir='ltr'>super</span> <span class='ocrx_word' id='word_1_113' title='bbox 293 1295 684 1353; x_wconf 81' lang='lat' dir='ltr'>atmosphaericum</span> <span class='ocrx_word' id='word_1_114' title='bbox 719 1310 868 1336; x_wconf 85' lang='lat' dir='ltr'>aerem</span> <span class='ocrx_word' id='word_1_115' title='bbox 897 1327 908 1346; x_wconf 90' lang='lat'>,</span> <span class='ocrx_word' id='word_1_116' title='bbox 941 1301 996 1334; x_wconf 85' lang='lat' dir='ltr'>ut</span> <span class='ocrx_word' id='word_1_117' title='bbox 1046 1309 1148 1336; x_wconf 76' lang='lat' dir='ltr'>aere</span> <span class='ocrx_word' id='word_1_118' title='bbox 1199 1295 1427 1351; x_wconf 78' lang='lat' dir='ltr'>oxygenio</span> 
     </span>
     <span class='ocr_line' id='line_1_18' title="bbox 125 1353 1430 1412; baseline -0.002 -16"><span class='ocrx_word' id='word_1_119' title='bbox 125 1356 225 1410; x_wconf 85' lang='lat' dir='ltr'>ejus</span> <span class='ocrx_word' id='word_1_120' title='bbox 256 1357 472 1396; x_wconf 82' lang='lat' dir='ltr'>continue</span> <span class='ocrx_word' id='word_1_121' title='bbox 509 1357 712 1412; x_wconf 84' lang='lat' dir='ltr'>potiatur</span> <span class='ocrx_word' id='word_1_122' title='bbox 732 1387 743 1404; x_wconf 90' lang='lat'>‚</span> <span class='ocrx_word' id='word_1_123' title='bbox 775 1363 821 1396; x_wconf 89' lang='lat' dir='ltr'>et</span> <span class='ocrx_word' id='word_1_124' title='bbox 852 1356 898 1395; x_wconf 92' lang='lat' dir='ltr'>in</span> <span class='ocrx_word' id='word_1_125' title='bbox 932 1369 1083 1395; x_wconf 87' lang='lat' dir='ltr'>aerem</span> <span class='ocrx_word' id='word_1_126' title='bbox 1113 1353 1297 1395; x_wconf 83' lang='lat' dir='ltr'>acidum</span> <span class='ocrx_word' id='word_1_127' title='bbox 1327 1367 1430 1394; x_wconf 84' lang='lat' dir='ltr'>car-</span> 
     </span>
     <span class='ocr_line' id='line_1_19' title="bbox 124 1414 1432 1471; baseline -0.003 -14"><span class='ocrx_word' id='word_1_128' title='bbox 124 1415 347 1457; x_wconf 80' lang='lat' dir='ltr'>bonicum</span> <span class='ocrx_word' id='word_1_129' title='bbox 377 1422 629 1464; x_wconf 84' lang='lat' dir='ltr'>convertat,</span> <span class='ocrx_word' id='word_1_130' title='bbox 663 1422 802 1471; x_wconf 86' lang='lat' dir='ltr'>prout</span> <span class='ocrx_word' id='word_1_131' title='bbox 833 1414 1101 1455; x_wconf 84' lang='lat' dir='ltr'>Theodorus</span> <span class='ocrx_word' id='word_1_132' title='bbox 1156 1414 1432 1455; x_wconf 82' lang='lat' dir='ltr'>Saussurius</span> 
     </span>
     <span class='ocr_line' id='line_1_20' title="bbox 126 1471 1433 1532; baseline -0.002 -17"><span class='ocrx_word' id='word_1_133' title='bbox 126 1476 443 1532; x_wconf 84' lang='lat' dir='ltr'>experimento</span> <span class='ocrx_word' id='word_1_134' title='bbox 475 1474 803 1514; x_wconf 83' lang='lat' dir='ltr'>demonstravit</span> <span class='ocrx_word' id='word_1_135' title='bbox 827 1506 836 1515; x_wconf 90' lang='lat'><strong>.</strong></span> <span class='ocrx_word' id='word_1_136' title='bbox 871 1473 1001 1514; x_wconf 81' lang='lat' dir='ltr'>Vidit</span> <span class='ocrx_word' id='word_1_137' title='bbox 1025 1475 1162 1523; x_wconf 87' lang='grc'>0111111,</span> <span class='ocrx_word' id='word_1_138' title='bbox 1195 1471 1352 1514; x_wconf 84' lang='lat' dir='ltr'>florem</span> <span class='ocrx_word' id='word_1_139' title='bbox 1382 1474 1433 1513; x_wconf 85' lang='lat' dir='ltr'>in</span> 
     </span>
     <span class='ocr_line' id='line_1_21' title="bbox 127 1533 1434 1590; baseline -0.002 -15"><span class='ocrx_word' id='word_1_140' title='bbox 127 1550 231 1576; x_wconf 83' lang='lat' dir='ltr'>aere</span> <span class='ocrx_word' id='word_1_141' title='bbox 264 1533 423 1575; x_wconf 87' lang='lat' dir='ltr'>clauso</span> <span class='ocrx_word' id='word_1_142' title='bbox 457 1541 606 1574; x_wconf 82' lang='lat' dir='ltr'>totum</span> <span class='ocrx_word' id='word_1_143' title='bbox 639 1548 789 1574; x_wconf 87' lang='lat' dir='ltr'>aerem</span> <span class='ocrx_word' id='word_1_144' title='bbox 824 1534 1107 1590; x_wconf 78' lang='lat' dir='ltr'>oxygenium</span> <span class='ocrx_word' id='word_1_145' title='bbox 1138 1534 1237 1588; x_wconf 86' lang='lat' dir='ltr'>ejus</span> <span class='ocrx_word' id='word_1_146' title='bbox 1271 1534 1317 1572; x_wconf 87' lang='lat' dir='ltr'>in</span> <span class='ocrx_word' id='word_1_147' title='bbox 1354 1546 1434 1573; x_wconf 85' lang='lat' dir='ltr'>ae-</span> 
     </span>
     <span class='ocr_line' id='line_1_22' title="bbox 129 1594 1435 1648; baseline -0.003 -13"><span class='ocrx_word' id='word_1_148' title='bbox 129 1610 225 1636; x_wconf 85' lang='lat' dir='ltr'>rem</span> <span class='ocrx_word' id='word_1_149' title='bbox 265 1594 447 1635; x_wconf 88' lang='lat' dir='ltr'>acidum</span> <span class='ocrx_word' id='word_1_150' title='bbox 479 1594 783 1635; x_wconf 75' lang='lat' dir='ltr'>carbonicum</span> <span class='ocrx_word' id='word_1_151' title='bbox 816 1594 907 1633; x_wconf 88' lang='lat' dir='ltr'>cito</span> <span class='ocrx_word' id='word_1_152' title='bbox 961 1601 1181 1641; x_wconf 78' lang='lat' dir='ltr'>mutasse3</span> <span class='ocrx_word' id='word_1_153' title='bbox 1231 1605 1435 1648; x_wconf 88' lang='lat' dir='ltr'>cumque</span> 
     </span>
     <span class='ocr_line' id='line_1_23' title="bbox 130 1651 1437 1710; baseline -0.002 -15"><span class='ocrx_word' id='word_1_154' title='bbox 130 1656 355 1695; x_wconf 80' lang='lat' dir='ltr'>actionem</span> <span class='ocrx_word' id='word_1_155' title='bbox 417 1651 584 1694; x_wconf 90' lang='lat' dir='ltr'>florum</span> <span class='ocrx_word' id='word_1_156' title='bbox 653 1668 786 1710; x_wconf 87' lang='lat' dir='ltr'>super</span> <span class='ocrx_word' id='word_1_157' title='bbox 842 1652 1235 1709; x_wconf 80' lang='lat' dir='ltr'>atmosphaericum</span> <span class='ocrx_word' id='word_1_158' title='bbox 1284 1666 1437 1693; x_wconf 87' lang='lat' dir='ltr'>aerem</span> 
     </span>
     <span class='ocr_line' id='line_1_24' title="bbox 129 1711 1439 1768; baseline -0.002 -13"><span class='ocrx_word' id='word_1_159' title='bbox 129 1712 403 1756; x_wconf 83' lang='lat' dir='ltr'>contulisset</span> <span class='ocrx_word' id='word_1_160' title='bbox 435 1728 541 1755; x_wconf 87' lang='lat' dir='ltr'>cum</span> <span class='ocrx_word' id='word_1_161' title='bbox 574 1716 753 1754; x_wconf 83' lang='lat' dir='ltr'>actione</span> <span class='ocrx_word' id='word_1_162' title='bbox 781 1711 1018 1762; x_wconf 79' lang='lat' dir='ltr'>foliorum,</span> <span class='ocrx_word' id='word_1_163' title='bbox 1055 1712 1189 1768; x_wconf 75' lang='lat' dir='ltr'>longe</span> <span class='ocrx_word' id='word_1_164' title='bbox 1216 1711 1439 1766; x_wconf 81' lang='lat' dir='ltr'>majorem</span> 
     </span>
     <span class='ocr_line' id='line_1_25' title="bbox 133 1770 1440 1830; baseline -0.002 -15"><span class='ocrx_word' id='word_1_165' title='bbox 133 1777 248 1815; x_wconf 85' lang='lat' dir='ltr'>aeris</span> <span class='ocrx_word' id='word_1_166' title='bbox 280 1774 403 1815; x_wconf 88' lang='lat' dir='ltr'>acidi</span> <span class='ocrx_word' id='word_1_167' title='bbox 426 1774 661 1815; x_wconf 82' lang='lat' dir='ltr'>carbonici</span> <span class='ocrx_word' id='word_1_168' title='bbox 689 1775 991 1830; x_wconf 85' lang='lat' dir='ltr'>quantitatem</span> <span class='ocrx_word' id='word_1_169' title='bbox 1017 1788 1041 1813; x_wconf 89' lang='lat' dir='ltr'>a</span> <span class='ocrx_word' id='word_1_170' title='bbox 1067 1770 1274 1821; x_wconf 80' lang='lat' dir='ltr'>floribus,</span> <span class='ocrx_word' id='word_1_171' title='bbox 1299 1784 1440 1828; x_wconf 86' lang='lat' dir='ltr'>quam</span> 
     </span>
     <span class='ocr_line' id='line_1_26' title="bbox 134 1829 1442 1891; baseline -0.003 -15"><span class='ocrx_word' id='word_1_172' title='bbox 134 1850 160 1876; x_wconf 87' lang='lat' dir='ltr'>a</span> <span class='ocrx_word' id='word_1_173' title='bbox 206 1833 329 1876; x_wconf 84' lang='lat' dir='ltr'>foliis</span> <span class='ocrx_word' id='word_1_174' title='bbox 361 1836 487 1891; x_wconf 79' lang='lat' dir='ltr'>gigni</span> <span class='ocrx_word' id='word_1_175' title='bbox 520 1833 721 1875; x_wconf 82' lang='lat' dir='ltr'>detexit.</span> <span class='ocrx_word' id='word_1_176' title='bbox 754 1834 852 1875; x_wconf 88' lang='lat' dir='ltr'>Haec</span> <span class='ocrx_word' id='word_1_177' title='bbox 885 1841 1039 1874; x_wconf 84' lang='lat' dir='ltr'>autem</span> <span class='ocrx_word' id='word_1_178' title='bbox 1091 1829 1257 1873; x_wconf 82' lang='lat' dir='ltr'>florum</span> <span class='ocrx_word' id='word_1_179' title='bbox 1312 1839 1442 1888; x_wconf 89' lang='lat' dir='ltr'>pote-</span> 
     </span>
     <span class='ocr_line' id='line_1_27' title="bbox 137 1893 1440 1950; baseline -0.003 -14"><span class='ocrx_word' id='word_1_180' title='bbox 137 1902 227 1936; x_wconf 88' lang='lat' dir='ltr'>stas</span> <span class='ocrx_word' id='word_1_181' title='bbox 258 1909 378 1935; x_wconf 91' lang='lat' dir='ltr'>nunc</span> <span class='ocrx_word' id='word_1_182' title='bbox 409 1894 553 1950; x_wconf 86' lang='lat' dir='ltr'>major</span> <span class='ocrx_word' id='word_1_183' title='bbox 584 1894 786 1936; x_wconf 81' lang='lat' dir='ltr'>interdiu</span> <span class='ocrx_word' id='word_1_184' title='bbox 807 1925 818 1943; x_wconf 95' lang='lat'>,</span> <span class='ocrx_word' id='word_1_185' title='bbox 853 1893 1028 1934; x_wconf 84' lang='lat' dir='ltr'>scilicet</span> <span class='ocrx_word' id='word_1_186' title='bbox 1062 1894 1178 1933; x_wconf 86' lang='lat' dir='ltr'>inter</span> <span class='ocrx_word' id='word_1_187' title='bbox 1227 1899 1399 1933; x_wconf 79' lang='lat' dir='ltr'>sextam</span> <span class='ocrx_word' id='word_1_188' title='bbox 1428 1926 1440 1944; x_wconf 92' lang='lat'>,</span> 
     </span>
     <span class='ocr_line' id='line_1_28' title="bbox 138 1953 1444 2004; baseline -0.001 -9"><span class='ocrx_word' id='word_1_189' title='bbox 138 1963 184 1995; x_wconf 85' lang='lat' dir='ltr'>et</span> <span class='ocrx_word' id='word_1_190' title='bbox 214 1955 501 1996; x_wconf 86' lang='lat' dir='ltr'>undecimam</span> <span class='ocrx_word' id='word_1_191' title='bbox 535 1962 639 1996; x_wconf 86' lang='lat' dir='ltr'>ante</span> <span class='ocrx_word' id='word_1_192' title='bbox 693 1953 932 1995; x_wconf 86' lang='lat' dir='ltr'>meridiem</span> <span class='ocrx_word' id='word_1_193' title='bbox 984 1953 1143 1994; x_wconf 83' lang='lat' dir='ltr'>horam</span> <span class='ocrx_word' id='word_1_194' title='bbox 1165 1984 1176 2004; x_wconf 91' lang='lat'>,</span> <span class='ocrx_word' id='word_1_195' title='bbox 1208 1966 1329 1993; x_wconf 89' lang='lat' dir='ltr'>nunc</span> <span class='ocrx_word' id='word_1_196' title='bbox 1363 1967 1444 1994; x_wconf 86' lang='lat' dir='ltr'>ve-</span> 
     </span>
     <span class='ocr_line' id='line_1_29' title="bbox 143 2014 1444 2071; baseline 0 -16"><span class='ocrx_word' id='word_1_197' title='bbox 143 2028 301 2070; x_wconf 83' lang='lat' dir='ltr'>spere,</span> <span class='ocrx_word' id='word_1_198' title='bbox 346 2015 465 2056; x_wconf 89' lang='lat' dir='ltr'>idest</span> <span class='ocrx_word' id='word_1_199' title='bbox 521 2016 639 2055; x_wconf 87' lang='lat' dir='ltr'>inter</span> <span class='ocrx_word' id='word_1_200' title='bbox 690 2014 851 2056; x_wconf 83' lang='lat' dir='ltr'>horam</span> <span class='ocrx_word' id='word_1_201' title='bbox 907 2022 1120 2071; x_wconf 81' lang='lat' dir='ltr'>quartam</span> <span class='ocrx_word' id='word_1_202' title='bbox 1148 2046 1159 2064; x_wconf 95' lang='lat'>,</span> <span class='ocrx_word' id='word_1_203' title='bbox 1195 2020 1239 2054; x_wconf 87' lang='lat' dir='ltr'>et</span> <span class='ocrx_word' id='word_1_204' title='bbox 1271 2019 1444 2055; x_wconf 83' lang='lat' dir='ltr'>sextam</span> 
     </span>
     <span class='ocr_line' id='line_1_30' title="bbox 144 2075 1444 2132; baseline 0.001 -18"><span class='ocrx_word' id='word_1_205' title='bbox 144 2081 246 2131; x_wconf 82' lang='lat' dir='ltr'>post</span> <span class='ocrx_word' id='word_1_206' title='bbox 269 2075 530 2125; x_wconf 86' lang='lat' dir='ltr'>meridiem,</span> <span class='ocrx_word' id='word_1_207' title='bbox 565 2089 832 2132; x_wconf 84' lang='lat' dir='ltr'>semperque</span> <span class='ocrx_word' id='word_1_208' title='bbox 866 2089 1056 2124; x_wconf 85' lang='lat' dir='ltr'>summa,</span> <span class='ocrx_word' id='word_1_209' title='bbox 1101 2088 1207 2116; x_wconf 87' lang='lat' dir='ltr'>cum</span> <span class='ocrx_word' id='word_1_210' title='bbox 1253 2088 1444 2130; x_wconf 81' lang='lat' dir='ltr'>genera-</span> 
     </span>
     <span class='ocr_line' id='line_1_31' title="bbox 146 2130 1446 2192; baseline 0 -20"><span class='ocrx_word' id='word_1_211' title='bbox 146 2135 212 2173; x_wconf 85' lang='lat' dir='ltr'>tio</span> <span class='ocrx_word' id='word_1_212' title='bbox 245 2136 600 2191; x_wconf 85' lang='lat' dir='ltr'>appropinquat,</span> <span class='ocrx_word' id='word_1_213' title='bbox 633 2143 678 2176; x_wconf 84' lang='lat' dir='ltr'>et</span> <span class='ocrx_word' id='word_1_214' title='bbox 704 2132 939 2192; x_wconf 84' lang='lat' dir='ltr'>perficitur</span> <span class='ocrx_word' id='word_1_215' title='bbox 964 2152 974 2184; x_wconf 84' lang='lat'><em>3</em></span> <span class='ocrx_word' id='word_1_216' title='bbox 998 2148 1144 2191; x_wconf 88' lang='lat' dir='ltr'>neque</span> <span class='ocrx_word' id='word_1_217' title='bbox 1177 2147 1329 2174; x_wconf 82' lang='lat' dir='ltr'>omnes</span> <span class='ocrx_word' id='word_1_218' title='bbox 1362 2130 1446 2173; x_wconf 90' lang='lat' dir='ltr'>flo-</span> 
     </span>
     <span class='ocr_line' id='line_1_32' title="bbox 149 2193 1446 2253; baseline -0.001 -19"><span class='ocrx_word' id='word_1_219' title='bbox 149 2194 211 2234; x_wconf 79' lang='lat' dir='ltr'>ris</span> <span class='ocrx_word' id='word_1_220' title='bbox 252 2202 400 2250; x_wconf 84' lang='lat' dir='ltr'>partes</span> <span class='ocrx_word' id='word_1_221' title='bbox 433 2195 478 2236; x_wconf 88' lang='lat' dir='ltr'>id</span> <span class='ocrx_word' id='word_1_222' title='bbox 509 2193 742 2251; x_wconf 79' lang='lat' dir='ltr'>aequaliter</span> <span class='ocrx_word' id='word_1_223' title='bbox 793 2203 1040 2253; x_wconf 83' lang='lat' dir='ltr'>peragunt,</span> <span class='ocrx_word' id='word_1_224' title='bbox 1096 2208 1202 2235; x_wconf 88' lang='lat' dir='ltr'>cum</span> <span class='ocrx_word' id='word_1_225' title='bbox 1253 2195 1446 2234; x_wconf 85' lang='lat' dir='ltr'>stamina.</span> 
     </span>
     <span class='ocr_line' id='line_1_33' title="bbox 150 2253 950 2312; baseline 0.004 -19"><span class='ocrx_word' id='word_1_226' title='bbox 150 2253 237 2294; x_wconf 88' lang='lat' dir='ltr'>hoc</span> <span class='ocrx_word' id='word_1_227' title='bbox 262 2268 446 2295; x_wconf 89' lang='lat' dir='ltr'>munere</span> <span class='ocrx_word' id='word_1_228' title='bbox 478 2253 669 2310; x_wconf 79' lang='lat' dir='ltr'>reliquis</span> <span class='ocrx_word' id='word_1_229' title='bbox 700 2263 907 2312; x_wconf 70' lang='lat' dir='ltr'>praestent</span> <span class='ocrx_word' id='word_1_230' title='bbox 941 2287 950 2296; x_wconf 92' lang='lat'><strong>.</strong></span> 
     </span>
    </p>
   </div>
   <div class='ocr_carea' id='block_1_4' title="bbox 214 2308 1447 2374">
    <p class='ocr_par' dir='ltr' id='par_1_5' title="bbox 214 2308 1447 2374">
     <span class='ocr_line' id='line_1_34' title="bbox 214 2308 1447 2374; baseline -0.002 -20"><span class='ocrx_word' id='word_1_231' title='bbox 214 2312 259 2369; x_wconf 59' lang='grc' dir='ltr'>ς.</span> <span class='ocrx_word' id='word_1_232' title='bbox 292 2313 391 2357; x_wconf 84' lang='lat'>365.</span> <span class='ocrx_word' id='word_1_233' title='bbox 423 2313 546 2356; x_wconf 90' lang='lat' dir='ltr'>Dum</span> <span class='ocrx_word' id='word_1_234' title='bbox 566 2313 657 2356; x_wconf 87' lang='lat' dir='ltr'>haec</span> <span class='ocrx_word' id='word_1_235' title='bbox 702 2317 976 2374; x_wconf 82' lang='lat' dir='ltr'>contingunt</span> <span class='ocrx_word' id='word_1_236' title='bbox 1029 2315 1076 2356; x_wconf 87' lang='lat' dir='ltr'>in</span> <span class='ocrx_word' id='word_1_237' title='bbox 1127 2310 1260 2363; x_wconf 84' lang='lat' dir='ltr'>flore,</span> <span class='ocrx_word' id='word_1_238' title='bbox 1317 2308 1447 2354; x_wconf 78' lang='lat' dir='ltr'>aliud</span> 
     </span>
    </p>
   </div>
  </div>
 </body>
</html>
