1669 2563
1322 153 1376 207 87

143 254 418 313 quibusdam
467 254 665 303 Indicis,
697 260 743 293 et
779 251 990 310 Egyptiis
1042 251 1244 310 plantis;
1293 271 1439 314 neque

147 324 298 357 tamen
326 315 577 373 quidquam
606 313 758 353 dicere
782 312 1115 353 contenderunt
1135 314 1190 355 de
1225 318 1398 357 ratione
1424 350 1435 367 ‚

147 390 239 432 qua
270 370 404 417 flexio
434 377 524 415 ista
551 373 836 428 contingeret
858 404 869 414 .
902 371 1022 414 Cum
1054 371 1262 415 Linnaeus
1286 377 1439 432 singu-

142 434 230 478 lari
261 435 476 476 foliorum
522 434 818 473 conversione
858 433 1036 473 excitus
1063 463 1074 483 ,
1107 447 1204 489 quae
1245 437 1291 474 in
1321 435 1438 477 Loto

145 492 510 550 ornithopodiode
560 501 700 533 noctu
745 490 825 542 fit,
857 491 1061 533 eamdem
1112 492 1318 534 fabulam
1344 526 1353 543 ,
1388 504 1439 536 ut

141 557 286 612 ipsius
316 553 467 594 verbis
493 560 630 602 utar,
655 553 701 593 in
745 559 840 594 toto
862 551 958 594 fere
1007 566 1146 609 regno
1195 554 1440 609 vegetabili

144 616 216 671 agi
243 614 531 662 observavit,
564 614 770 669 tantique
801 611 911 654 fecit
932 644 945 663 ‚
978 620 1031 654 ut
1064 611 1177 653 folia
1222 621 1362 654 noctu
1393 617 1439 655 111

141 674 329 714 diversis
367 673 590 728 stirpibus
628 672 804 714 diverse
845 670 997 724 flexa,
1037 672 1256 714 adhibitis
1300 676 1442 715 nomi-

140 733 276 774 nibus
304 734 526 789 propriis,
547 732 808 774 distinxerit
833 734 880 774 in
902 735 1197 783 conniventia,
1221 734 1443 789 includen-

142 796 228 842 tia,
262 795 661 848 circumsepientia‚
694 795 953 846 munientia,
974 794 1442 850 conduplicantia‚in-

144 854 366 895 volventia
387 885 397 902 ‚
447 855 720 909 divergentz'a
739 886 751 904 ,
802 855 1118 910 dependentia,
1152 856 1410 895 itwertentia
1428 888 1439 907 ‚

141 912 438 962 imbricantia‚
465 922 703 955 retroversa
717 927 738 967 ,·
771 928 972 971 cumque
1003 916 1206 955 animum
1229 915 1442 956 attendis-

142 981 209 1015 set
240 972 296 1013 ad
323 974 543 1014 ratIOnem
575 971 728 1024 illam,
755 988 847 1030 qua
867 974 1084 1016 animalia
1116 988 1270 1016 somno
1293 975 1444 1015 indul-

142 1035 296 1090 gentia
336 1034 502 1088 jacent,
529 1033 732 1075 eamdem
758 1034 1090 1091 propemodum
1112 1036 1333 1075 rationem
1350 1039 1444 1076 ani-

144 1093 428 1134 madvertere
461 1096 641 1150 putavit
671 1095 719 1134 in
743 1102 967 1136 nocturna
988 1094 1207 1136 foliorum
1231 1092 1440 1146 flexione,

145 1167 286 1209 quam
320 1167 475 1194 somno
502 1152 762 1210 plantarum
785 1154 1124 1210 quodammodo
1158 1155 1357 1204 tribuit,
1399 1164 1444 1196 ct

144 1227 340 1254 somnum
356 1214 618 1268 plantarum
648 1217 829 1255 vocavit
857 1231 868 1264 ;
900 1217 1049 1256 minus
1080 1222 1201 1256 recte
1232 1215 1440 1271 quidem,

147 1275 257 1329 quia
289 1272 451 1329 plantae
483 1281 622 1314 noctu
652 1272 873 1314 foliorum
897 1275 1075 1315 auxilio
1105 1276 1152 1314 in
1178 1276 1443 1330 respiratio-

144 1334 214 1374 nis
237 1347 322 1373 suae
354 1347 468 1390 opus
499 1334 773 1374 incumbunt
796 1366 807 1384 ,
833 1336 962 1390 quin,
984 1332 1203 1377 vitalibus
1225 1333 1444 1377 foliorum

147 1391 307 1434 officiis
340 1396 567 1448 suspensis
590 1425 601 1443 ‚
630 1407 783 1434 somno
815 1402 977 1435 vacent
1001 1427 1012 1437 .

207 1452 252 1506 §.
287 1452 386 1492 281.
421 1452 583 1508 Neque
616 1467 710 1492 rem
750 1462 907 1509 postea
956 1456 1188 1511 assequuti
1239 1462 1344 1495 sunt
1374 1456 1442 1505 ii,

147 1513 228 1568 qui
260 1510 448 1552 alternis
481 1519 579 1551 tum
609 1510 795 1567 frigoriS
818 1543 829 1562 ,
862 1520 908 1554 et
938 1513 1128 1562 caloris,
1158 1521 1254 1554 tum
1284 1515 1445 1555 obscu-

147 1572 298 1614 ritatis
327 1600 338 1621 ,
372 1578 417 1612 et
446 1566 775 1612 lucis'vicibus
806 1572 1097 1615 tribuerunt.
1130 1573 1309 1613 Etenim
1354 1574 1444 1615 haec

147 1630 369 1674 foliorum
412 1633 648 1672 conversio
698 1630 859 1673 iisdem
910 1630 1052 1674 ferme
1101 1632 1226 1674 horis
1272 1648 1446 1690 semper

147 1692 374 1748 contingit
396 1723 407 1741 ,
440 1692 706 1749 quicunque
746 1693 804 1733 sit
839 1691 1007 1734 caloris
1031 1725 1042 1743 ,
1069 1699 1115 1733 et
1143 1691 1350 1750 frigoris,
1382 1702 1448 1734 te-

148 1754 397 1794 nebrarum
422 1783 433 1802 ‚
466 1759 511 1793 et
540 1751 658 1793 lucis
687 1751 852 1794 modus
875 1785 885 1803 ,
919 1761 964 1794 et
996 1754 1112 1794 ratio
1132 1785 1142 1794 .
1187 1754 1284 1795 Nec
1335 1753 1449 1794 Bon-

149 1815 242 1855 neti
286 1811 494 1871 pericula
513 1844 524 1862 ,
577 1812 749 1869 quibus
799 1811 1020 1855 foliorum
1067 1821 1164 1855 arte
1215 1813 1448 1855 factorum

150 1873 487 1915 conversionem
511 1904 522 1922 ,
546 1871 651 1913 hinc
691 1872 858 1914 calenti
900 1873 1022 1916 ferro
1047 1906 1058 1924 ,
1110 1874 1214 1915 inde
1239 1874 1448 1916 humenti

152 1936 339 1992 spongia
369 1931 605 1984 adhibitis,
633 1934 871 1976 obtinebat
893 1967 904 1985 ,
928 1934 1180 1992 quidquam
1212 1933 1366 1976 valent
1390 1933 1450 1975 ad

153 1993 474 2050 phaenomenon
506 1995 552 2034 in
583 1995 844 2036 viventibus
889 1994 1153 2052 plantarum
1200 1994 1323 2036 foliis
1368 2010 1448 2035 ex·-

154 2052 419 2110 plicandum
442 2086 454 2104 ,
490 2061 589 2095 tum
613 2069 670 2096 ex
701 2053 786 2096 illa
818 2057 916 2112 ipsa
948 2057 1122 2098 ratione
1143 2089 1154 2107 ,
1189 2055 1313 2113 quod
1364 2069 1447 2096 nec

157 2127 329 2170 semper
382 2113 531 2155 caleat
559 2114 670 2165 dies,
724 2114 939 2173 frigescat
988 2131 1079 2157 nox
1100 2149 1111 2167 ,
1143 2124 1188 2158 et
1216 2115 1342 2157 calor
1361 2147 1373 2165 ,
1404 2123 1450 2156 et

156 2169 302 2229 frigus
331 2188 422 2214 uno
451 2173 701 2232 eodemque
733 2183 937 2234 tempore
961 2185 1097 2233 agant
1127 2178 1173 2218 in
1203 2185 1448 2231 utramque

157 2230 380 2274 foliorum
408 2232 573 2276 faciem
597 2267 608 2287 ,
641 2243 686 2276 et
718 2243 868 2278 tamen
899 2235 1014 2278 folia
1045 2238 1092 2279 in
1139 2236 1448 2279 conversioni-

157 2292 250 2337 bus
309 2295 403 2338 suis
453 2301 567 2338 stata
619 2294 732 2341 hora
790 2298 1063 2358 peragendis
1121 2302 1444 2356 perseverent,
