1669 2563
1360 129 1439 183 139

202 237 459 279 deteximus
491 235 691 293 plurima
723 246 827 273 vasa
875 229 1159 286 lymphatica
1179 262 1190 279 ,
1238 229 1473 287 pellucida
1495 265 1506 281 ‚

203 306 327 338 recta
372 304 616 354 protensa,
664 290 906 347 simplicia,
959 291 1116 338 statis,
1160 289 1507 347 aequalibusque

202 356 457 398 intervallis
488 355 623 409 septis
657 352 922 392 transversis
954 348 1128 397 clausa,
1162 350 1278 389 inter
1301 365 1398 405 quae
1424 351 1508 391 da—

204 425 250 458 to
288 419 434 473 spatio
480 411 667 454 tracheae
719 416 971 451 occurrunt
1003 409 1137 464 spiris
1190 407 1368 450 coalitis
1394 441 1404 459 ,
1439 409 1508 450 la-

203 475 433 531 mellaque
480 474 584 513 satis
634 469 725 511 lata
763 469 890 511 factae
914 500 924 518 ,
947 482 1068 510 nunc
1104 465 1337 518 solitariae,
1386 483 1508 509 nunc

203 535 318 585 duae,
347 542 493 574 tresve
518 529 654 572 simul
681 563 690 572 .
727 530 919 586 Insuper
968 530 1015 568 in
1041 526 1342 568 crassitudine
1374 526 1514 583 hujus

202 597 369 651 vaginae
394 590 665 634 medullaris
694 591 849 631 insunt
870 602 1013 646 parvae
1035 587 1236 644 quaedam
1259 585 1416 628 fistulae
1434 604 1512 644 per

201 654 391 710 longum
415 652 575 700 ductae,
599 649 759 707 aequali
782 649 1014 698 distantia,
1030 649 1138 689 etin
1164 648 1320 689 orbem
1343 650 1512 704 positae,

202 728 315 770 quas
338 714 513 753 circum
535 711 741 751 Amicius
764 710 825 764 (³⁸⁶)
843 707 1142 766 deprehendit
1164 708 1300 749 tubos
1320 707 1516 748 nonnul-

205 773 275 814 los
293 773 416 829 poris
448 779 657 829 pertusos
680 803 689 811 .
722 769 919 827 Reliqua
947 770 1088 809 cormi
1107 783 1210 824 pars
1229 775 1324 809 tota
1345 766 1396 808 fit
1440 769 1515 809 iis-

203 832 306 873 dem
331 833 448 874 vasis
469 829 780 888 lymphaticis,
808 845 904 887 quae
925 830 1015 885 jam
1043 827 1382 885 descripsimus,
1401 829 1512 870 sub-

201 892 306 933 inde
340 891 602 933 albentibus
627 923 637 941 ‚
660 892 776 931 inter
798 905 894 948 quae
917 889 1029 930 ordo
1062 888 1304 929 circularis
1328 886 1510 929 fistula-

206 967 310 993 rum
341 960 572 994 rectarum
601 951 827 1006 majorum
853 982 864 1000 ‚
895 957 940 991 et
969 947 1200 1006 aequaliter
1248 948 1515 990 dissitarum

205 1020 306 1054 est.
339 1012 446 1064 Quae
494 1025 604 1053 vero
656 1025 764 1052 vasa
815 1012 961 1067 ipsam
1015 1006 1300 1065 superficiem
1351 1007 1515 1065 plantae

210 1075 409 1122 sistunt,
444 1078 490 1113 et
521 1070 624 1112 loco
655 1070 949 1127 epidermidis
980 1067 1370 1118 habenda‚eidem
1394 1068 1517 1109 Ami-

210 1135 282 1172 cio
315 1135 412 1173 visa
446 1138 552 1173 sunt
583 1133 735 1189 granis
764 1132 965 1172 minimis
997 1127 1250 1172 mobilibus
1305 1126 1473 1169 referta
1504 1161 1515 1178 ‚

210 1201 255 1233 et
285 1207 377 1248 qua
411 1207 454 1234 se
507 1206 551 1233 se
605 1191 860 1248 parietibus
905 1191 997 1232 suis
1049 1203 1129 1246 per
1183 1187 1518 1244 longitudinem

208 1253 486 1309 contingunt
509 1283 520 1300 ,
555 1252 737 1307 punctis
790 1250 1106 1291 minutissimis
1130 1280 1140 1298 ‚
1192 1247 1311 1289 forte
1361 1250 1515 1304 poris,

211 1314 433 1352 scatentia
456 1344 465 1353 .
489 1311 698 1368 Denique
724 1309 1044 1365 hujuscemodi
1065 1322 1246 1349 cosmus
1272 1307 1329 1348 ad
1360 1323 1516 1365 quem-

211 1373 282 1412 vis
313 1370 569 1412 articulum
601 1372 764 1428 vagina
797 1370 1158 1417 membranacea,
1198 1367 1398 1418 dentata,
1431 1375 1516 1409 sta-

210 1433 386 1488 timque
417 1429 537 1472 infra
568 1433 778 1487 vaginam
811 1432 949 1471 ramis
985 1426 1276 1470 verticillatis
1319 1429 1516 1469 instrui-

212 1499 288 1531 tur
309 1522 319 1540 ,
353 1492 434 1548 qui
468 1490 654 1546 quidem
687 1491 801 1531 rami
833 1488 1036 1545 ejusdem
1069 1502 1256 1545 prorsus
1311 1494 1515 1529 structu-

211 1565 266 1591 1·ae
300 1558 404 1591 sunt
424 1582 434 1600 ,
467 1564 518 1591 ac
550 1552 644 1607 ipse
672 1558 861 1591 truncus
885 1581 894 1590 .

274 1610 318 1665 §.
350 1613 452 1663 414.
484 1608 650 1651 Plantae
681 1609 1012 1664 acotyledoneae
1031 1640 1041 1659 ‚
1076 1622 1173 1664 quae
1204 1607 1289 1648 hac
1317 1613 1514 1648 structu-

211 1685 260 1711 ra
292 1677 502 1727 praestant
528 1703 538 1721 ,
571 1670 628 1711 ad
659 1668 1028 1725 dicotyledoneas
1067 1667 1404 1724 quodammodo
1436 1683 1514 1708 ac-

211 1730 413 1780 cedunt3
447 1737 494 1770 at
538 1730 758 1773 differunt
814 1731 1035 1787 praecipue
1090 1735 1323 1769 structura
1371 1729 1515 1784 ipsius

212 1794 382 1848 vaginae
413 1789 686 1833 medullaris
714 1825 725 1842 ,
758 1790 941 1832 defectu
992 1787 1228 1830 radiorum
1281 1787 1512 1830 medulla-

215 1853 363 1902 rium‚
398 1865 611 1894 vasorum
645 1853 938 1910 propriorum
968 1883 979 1901 ‚
1012 1857 1057 1890 et
1086 1850 1271 1891 corticis
1301 1850 1426 1891 veri.

261 2111 313 2152 (*)
336 2110 391 2143 Cl.
419 2111 576 2144 Amicius
611 2111 876 2143 observationes
899 2136 905 2150 ‚
931 2121 1016 2154 quas
1057 2121 1122 2154 ego
1156 2109 1395 2153 microscopio
1438 2107 1514 2149 ejus

215 2157 403 2200 praevalido
424 2158 491 2189 feci
511 2169 616 2201 super
635 2166 846 2190 structuram
865 2158 1232 2201 Eqm'setifluviatilis
1251 2166 1280 2188 L.
1305 2164 1358 2192 ‚et
1380 2157 1514 2197 Aspidii

220 2206 370 2234 aculeati
389 2214 432 2237 W.
460 2212 581 2247 rogatu
609 2215 686 2236 meo
713 2205 839 2236 iterum
863 2204 1040 2243 instituit,
1062 2211 1096 2235 et
1137 2202 1382 2240 confirmavit,
1427 2201 1515 2232 alia-

216 2260 282 2292 que
307 2261 394 2280 nova
417 2249 573 2288 detexit,
596 2261 673 2293 quse
696 2261 833 2282 mecum
862 2262 923 2294 per
947 2250 1079 2282 litteras
1100 2249 1249 2282 comiter
1269 2247 1516 2281 communica-

218 2296 288 2335 vit,
311 2295 422 2339 deque
443 2295 483 2327 iis
506 2295 562 2329 hic
581 2319 590 2336 ,
613 2304 647 2328 et
668 2296 704 2328 in
728 2305 908 2340 posterum
929 2295 1027 2341 loqui
1048 2295 1145 2338 juvat
1164 2318 1174 2328 .
