1669 2563
183 189 240 231 30

122 307 211 336 suae
263 293 301 335 is
345 298 511 334 terram
562 292 794 348 contingat
820 322 830 341 ,
857 287 930 332 hic
961 288 1052 331 loci
1088 289 1136 329 in
1189 284 1425 338 radicem,

119 368 177 394 ex
194 354 404 410 opposito
421 366 528 394 vero
545 350 687 393 latere
718 354 764 392 in
786 348 1064 408 gemmulam
1086 350 1143 390 sit
1176 348 1391 388 abiturus
1410 379 1421 389 .

119 413 180 455 At
201 427 349 470 quaeso
368 444 379 463 ‚
407 415 489 469 qui
522 411 655 453 haeca
685 410 914 452 Richardo
946 411 1042 451 visa
1086 410 1131 448 in
1165 415 1290 449 tanta
1335 409 1426 448 mi-

118 475 349 514 nimorum
380 470 762 529 corpusculorum
796 471 1051 529 parvitate?
1083 468 1174 520 Qui
1226 468 1427 524 penitio-

124 548 220 574 rem
250 531 438 590 gongyli
484 539 760 572 structuram
782 563 793 582 ,
854 545 993 586 quam
1043 527 1204 569 nullus
1260 525 1428 568 oculus

122 608 326 649 unquam
356 592 561 642 detexit,
593 595 688 648 ipse
719 591 926 632 detexit?
958 587 1120 630 Nonne
1153 589 1321 628 rectius
1369 601 1426 627 ex

118 655 312 709 cognitis
342 651 399 692 ad
430 654 584 708 ignota
608 651 800 709 gradum
849 649 1017 692 faciens
1072 648 1425 706 praecursionem

121 714 336 770 germinis
363 711 634 761 admisisset,
667 718 807 768 prout
854 710 944 752 haec
975 716 1074 750 tum
1104 710 1152 750 in
1193 705 1427 756 bulhillo,

121 780 222 815 tum
250 775 298 815 in
329 773 492 814 semine
522 772 768 829 contingit?

278 920 549 965 Germinatio
579 922 752 965 seminis
770 953 781 972 ,
828 916 999 962 balbini
1014 948 1030 971 ,
1059 917 1243 975 gongyli
1266 950 1276 959 .

185 1068 230 1124 ξ.
268 1069 363 1113 105.
394 1068 619 1112 Omnibus
647 1101 658 1120 ,
691 1082 788 1125 quae
812 1067 1142 1125 dignoscuntur
1171 1096 1183 1116 ‚
1216 1064 1270 1106 de
1305 1071 1426 1107 stru-

122 1136 256 1171 ctura
306 1131 520 1181 seminis,
575 1128 768 1175 bulbilli
793 1160 804 1179 ,
839 1135 885 1169 et
933 1125 1121 1185 gongyli
1166 1128 1425 1176 enarratis,

121 1191 237 1230 ratio
270 1188 474 1246 postulat
502 1222 514 1240 ‚
547 1197 601 1229 ut
633 1189 923 1230 deveniamus
983 1187 1040 1227 ad
1072 1201 1124 1227 ea
1151 1217 1162 1236 ,
1195 1200 1295 1241 quae
1327 1199 1427 1242 ger-

119 1251 384 1290 minationis
420 1263 580 1290 eorum
614 1248 803 1289 modum
834 1247 964 1288 nobis
995 1248 1225 1302 aperiunt,
1260 1253 1305 1285 et
1335 1245 1428 1302 pri-

117 1322 192 1350 mo
224 1308 410 1365 quidem
440 1308 494 1349 de
525 1309 853 1365 germinatione
890 1308 1070 1347 seminis
1101 1303 1350 1345 dicendum
1373 1335 1384 1345 .

180 1368 225 1424 §.
262 1367 357 1410 106.
391 1367 570 1409 Semine
601 1367 676 1410 vel
708 1375 834 1409 terrae
858 1398 871 1418 ,
901 1365 975 1407 vel
1008 1366 1329 1422 opportuniori
1359 1362 1426 1405 Io-

121 1442 178 1469 co
211 1429 450 1470 commisso
477 1460 488 1479 ‚
540 1428 705 1469 humor
760 1435 975 1469 externus
1025 1440 1104 1482 per
1154 1439 1289 1481 poros
1316 1456 1328 1474 ‚
1379 1431 1428 1466 et

119 1487 298 1529 canales
329 1490 643 1545 epispermatis
672 1487 730 1528 ad
760 1488 980 1528 interiora
1011 1492 1218 1541 penetrat
1246 1516 1256 1534 ‚
1281 1491 1423 1541 atque

121 1549 169 1589 in
199 1549 394 1588 transitu
443 1549 530 1588 isto
580 1545 844 1603 percolatur
868 1577 879 1595 ‚
936 1552 990 1584 ut
1037 1545 1186 1600 aptior
1236 1541 1314 1583 fiat
1365 1543 1424 1585 ad

122 1622 308 1665 germen
338 1606 484 1648 veluti
516 1605 803 1648 obdormiens
835 1603 1128 1646 excitandum
1150 1635 1160 1645 .
1214 1602 1424 1660 Ingredi-

121 1676 198 1709 tur
230 1681 414 1723 quoque
446 1682 525 1724 per
557 1665 735 1714 hilum;
769 1665 844 1706 sed
869 1679 1030 1706 verum
1052 1677 1140 1704 non
1161 1670 1244 1712 est,
1277 1671 1423 1705 totam

121 1728 494 1785 germinationem
518 1758 529 1776 ,
565 1726 811 1767 seminibus
841 1739 1007 1781 aquam
1039 1739 1116 1780 per
1147 1722 1298 1764 hilum
1337 1724 1421 1765 ab·-

122 1787 412 1829 sorbentibus
439 1818 450 1838 ,
482 1787 740 1842 contingere
770 1817 779 1826 .
812 1783 932 1826 Nam
958 1817 970 1835 ‚
1016 1783 1112 1824 hilo
1163 1791 1259 1824 arte
1291 1783 1418 1824 clau-

121 1862 169 1889 so
188 1879 200 1897 ‚
233 1847 532 1903 germinantia
563 1847 731 1887 semina
767 1844 982 1886 viderunt
1012 1851 1179 1884 naturae
1209 1844 1380 1884 curiosi
1407 1860 1418 1893 ;

122 1909 328 1964 quinimo
353 1938 364 1956 ,
417 1906 663 1947 seminibus
711 1907 832 1946 intra
877 1903 1134 1946 coloratum
1188 1901 1419 1960 liquorem

120 1966 482 2024 germinantibus
507 1998 518 2017 ,
549 1967 636 2023 ipsi
663 1964 842 2007 canales
871 1964 1187 2022 epispermatis
1226 1963 1419 2008 humore

122 2026 404 2084 ingrediente
434 2025 590 2067 infecti
626 2027 791 2083 reperti
825 2032 931 2066 sunt
957 2056 968 2066 .

184 2087 229 2143 §.
266 2100 362 2143 107.
394 2086 586 2137 Humor,
604 2101 711 2127 cum
743 2084 799 2126 ad
831 2086 1048 2126 interiora
1080 2083 1258 2124 seminis
1289 2083 1419 2125 deve-

123 2149 274 2196 nerit,
295 2148 541 2189 nutriciam
571 2147 806 2187 materiem
836 2147 882 2186 in
926 2142 1275 2199 cotyledonibus
1301 2175 1314 2195 ,
1345 2142 1418 2185 vel

124 2209 174 2248 in
219 2205 454 2248 albumine
485 2205 826 2248 delitescentem
874 2203 1012 2247 solvit
1037 2235 1048 2254 ,
1081 2204 1333 2260 tunicaeque
1355 2219 1419 2244 se-

122 2267 258 2308 minis
306 2269 478 2308 interea
521 2265 851 2315 emolliuntur,
912 2263 1165 2312 laxantur3
1210 2278 1267 2304 ex
1311 2265 1417 2321 qui-

124 2328 214 2372 bus
244 2326 457 2371 omnibus
487 2340 637 2371 semen
667 2333 851 2385 turget,
876 2331 923 2367 et
952 2323 1234 2382 dirumpitur
1258 2355 1271 2369 ,.
