1669 2563
1381 176 1436 233 67

211 277 521 320 additamenta
557 275 708 333 lignea
732 274 790 317 ab
812 276 1011 318 externis
1032 290 1219 334 quoque
1240 279 1497 338 adipiscan—

209 344 286 378 tur
315 371 324 379 .

271 398 315 453 ς.
348 398 449 449 224.
478 382 736 436 &ruminum
766 393 915 436 caulis
940 427 951 445 ‚
985 397 1066 453 qui
1099 403 1148 436 et
1184 395 1369 439 culmus
1413 414 1498 439 au-

209 455 317 507 dit,
359 456 463 497 hinc
506 452 610 495 inde
653 452 784 496 nodis
835 454 1137 513 distinguitur
1168 487 1179 505 ‚
1231 458 1501 499 internodiis

211 518 336 557 intus
366 515 522 556 vacuis
550 545 560 554 .
586 513 781 556 Interior
812 513 1015 573 quilibet
1045 530 1261 557 vasorum
1308 516 1502 559 fascicu-

210 575 284 616 lus
315 588 475 632 parum
508 572 627 615 infra
657 573 830 622 nodum
860 577 1134 633 propagines
1165 578 1336 618 emittit
1361 609 1372 628 ,
1403 592 1502 634 quae

210 649 314 674 cum
346 635 545 691 proximi
578 633 790 676 fasciculi
822 632 950 676 fibris
980 637 1248 678 consociatae
1280 636 1337 677 ad
1380 645 1503 678 exte-

208 696 329 735 riora
360 693 651 735 deducuntur
676 726 689 747 ,ι
721 702 775 735 ut
805 703 1096 737 occurrentes
1126 694 1348 737 fibrarum
1373 695 1504 738 fasci-

205 752 337 794 culos
390 761 707 815 pertranseant
759 753 958 812 eleganti
1006 755 1322 814 implicatione
1350 789 1362 807 ‚
1401 763 1504 798 tan-

207 813 309 856 dem
340 814 387 854 in
419 829 567 859 unum
594 812 875 859 confluentes
907 817 1075 885 partim
1107 817 1421 858 absumuntur
1455 819 1503 857 in

206 888 383 930 gemma
411 906 422 925 ,
453 889 551 931 quae
581 876 629 915 in
660 877 789 932 apice
820 876 928 918 nodi
961 883 1051 926 est,
1086 877 1255 934 partim
1288 879 1334 918 in
1368 875 1504 918 folio.

206 931 277 975 Ex
310 933 396 974 hoc
427 934 536 976 nodi
569 938 827 993 graminum
874 938 1091 978 oriuntur
1122 969 1133 987 ,
1168 939 1249 994 qui
1282 944 1328 978 et
1358 936 1502 978 firmi—-

206 993 415 1036 tudinem
445 994 602 1037 culmo
630 1027 642 1047 ,
675 1004 720 1037 et
749 997 968 1052 majorem
1001 998 1192 1040 nutricii
1246 999 1372 1038 succi
1416 999 1503 1038 cir-

207 1053 370 1095 culum
402 1054 459 1095 ad.
490 1055 599 1097 nodi
629 1057 846 1097 viciniam
875 1088 890 1113 ⁹.
920 1071 1237 1114 gemmamque
1268 1056 1469 1098 afferunt
1488 1090 1500 1108 ‚

208 1121 255 1154 et
286 1116 614 1171 promptiorem
645 1116 892 1159 internodii
924 1116 1234 1160 evolutionem
1277 1120 1470 1175 gignunt
1490 1150 1500 1159 .

207 1174 358 1225 Quare
376 1178 582 1231 gramina
609 1191 830 1234 perquam
857 1176 1050 1234 pollenti
1075 1180 1174 1219 vitae
1199 1179 1246 1219 vi
1277 1178 1333 1218 ad
1358 1178 1503 1219 nodos

209 1242 421 1290 praestant
448 1267 459 1286 ,
493 1238 540 1276 in
582 1235 713 1277 nodis
757 1232 936 1278 tantum
973 1252 1173 1297 gemmas
1221 1236 1377 1278 ferunt
1403 1269 1414 1289 ,
1452 1239 1502 1278 in

210 1293 341 1335 nodis
372 1296 705 1352 propaginibus
729 1327 741 1347 ,
774 1296 1101 1354 radicibusque
1145 1296 1390 1337 luxuriant
1413 1329 1423 1349 ,
1459 1313 1503 1338 e·-

208 1353 392 1410 xemplo
431 1354 536 1397 Zeae
568 1354 732 1412 Mays,
765 1364 809 1397 et
845 1356 1030 1407 Tritici,
1059 1371 1157 1414 quae
1187 1359 1391 1418 gramina
1417 1358 1502 1398 ob-

209 1415 464 1455 servatione
495 1415 683 1456 Pollinii
711 1447 722 1465 ‚
755 1423 801 1456 et
831 1415 1047 1457 Ginnanii
1079 1420 1218 1475 spicis
1250 1418 1312 1459 ad
1356 1417 1501 1459 nodos

207 1474 352 1514 enatis
383 1474 615 1515 interdum
646 1474 961 1532 superfoetasse
994 1478 1092 1521 visa
1126 1485 1231 1517 sunt
1259 1509 1268 1518 .

266 1532 310 1591 ς.
343 1532 442 1575 225.
474 1533 671 1575 Culmus
702 1542 880 1584 autem,
908 1535 1019 1576 dum
1050 1538 1202 1577 omnia
1228 1537 1360 1580 initio
1394 1550 1501 1578 suc-

206 1607 261 1633 co
317 1599 503 1651 turgent
529 1626 540 1644 ‚
594 1594 950 1651 parenchymate
988 1594 1194 1652 undique
1249 1595 1455 1652 repletur
1485 1630 1498 1648 ,

207 1652 332 1709 quod
362 1667 469 1694 cum
501 1662 626 1696 aetate
657 1663 833 1696 arescat
861 1687 872 1705 ‚
907 1662 1017 1696 tunc
1047 1655 1231 1696 culmus
1275 1654 1324 1696 fit
1376 1657 1500 1698 intus

206 1726 381 1754 vacuus
408 1746 418 1755 .
452 1714 572 1756 Vasa
602 1715 849 1757 internodii
879 1714 1111 1757 inferioris
1138 1748 1149 1766 ‚
1183 1731 1289 1762 cum
1330 1718 1500 1772 partim

206 1772 520 1817 distrahantur
565 1778 613 1817 in
657 1774 855 1826 folium,
903 1775 1029 1833 quod
1074 1778 1228 1817 oritur
1274 1791 1298 1818 e
1343 1776 1497 1827 nodo,

208 1832 312 1875 ideo
339 1849 429 1876 non
451 1837 602 1877 omnia
627 1843 865 1878 transeunt
888 1838 934 1879 in
961 1852 1150 1894 sequens
1171 1836 1497 1886 internodium3

210 1908 267 1933 ex
297 1908 388 1955 quo
420 1895 543 1937 clare
591 1904 719 1954 patet
761 1898 1022 1954 graminum
1067 1896 1276 1938 culmum
1321 1912 1495 1953 semper

212 1967 477 2014 semperque
527 1958 792 2008 attenuari,
844 1971 937 2014 quo
991 1959 1135 2015 magis
1177 1957 1451 2015 producitur
1487 1990 1496 1998 .

212 2011 361 2070 Igitur
391 2015 503 2072 quid.
535 2016 683 2058 simile
728 2017 803 2059 hic
843 2031 1029 2075 quoque
1071 2020 1326 2076 contingit,
1371 2017 1497 2075 quod

212 2073 260 2113 in
288 2071 435 2117 forma
464 2076 610 2120 caulis
641 2076 906 2135 plantarum
938 2078 1414 2136 dicotyledonearum,
1447 2085 1495 2120 at

214 2131 390 2178 diversa
418 2138 750 2200 propemodum
781 2141 956 2184 ratione
974 2171 984 2183 .
