1669 2563
275 131 357 187 194

269 233 465 275 Lineata
494 264 505 281 ‚
533 232 708 274 sulcata
736 234 782 272 in
814 230 1103 288 longitudine
1136 246 1216 274 sua
1238 265 1247 274 .

210 293 399 338 corolla
428 291 694 350 polypetala
726 291 949 348 regularis
981 292 1128 350 pollet
1166 293 1406 350 perigenio
1430 293 1512 334 du-

211 354 354 414 plici,
386 353 568 394 liliacea
600 361 790 409 excepta
814 384 822 392 .
854 352 1131 410 Appellatur

270 412 555 470 Cruciformis
583 445 593 463 ‚
623 428 717 469 quae
749 412 887 453 habet
930 412 1082 470 petala
1126 419 1328 469 quatuor
1348 444 1359 462 ‚
1396 426 1516 468 quo·-

211 490 316 517 rum
347 488 522 532 ungues
552 472 705 529 longi,
741 475 885 513 stricti
914 506 924 523 ‚
960 472 1133 513 laminae
1170 473 1321 513 crucis
1373 471 1509 513 modo

211 542 417 593 patentes
442 566 452 574 .
484 533 672 589 Propria
704 532 859 573 elassis
897 533 1251 590 Tetradytzamiae
1276 563 1286 573 .

273 594 479 637 Rosacea
503 625 513 643 ‚
546 595 767 633 instructa
802 600 1001 648 quatuor
1022 627 1032 643 ,
1069 592 1340 650 pluribusve
1384 599 1514 648 peta-

211 653 270 696 lis
301 653 595 711 regularibus
619 684 629 702 ‚
662 654 952 709 patentibus,
987 668 1138 710 ungue
1170 652 1299 693 brevi
1332 682 1343 701 ‚
1388 651 1512 692 lato-

212 730 302 771 que
334 716 512 755 insertis
543 711 834 768 receptaculo
858 744 868 753 .
899 712 1090 769 Propria
1131 711 1338 769 plurium
1385 710 1519 767 plan-

214 782 366 815 tarum
398 773 557 814 elassis
588 770 859 812 Icosandriae
882 804 893 822 ‚
926 772 1210 830 Polyandriae
1231 803 1242 820 ‚
1275 778 1321 812 et
1350 770 1522 813 Mona-

213 833 400 889 delplziae
420 866 429 874 .

280 891 528 934 Malvacea
557 898 624 930 est
658 888 835 930 corolla
866 904 1050 931 rosacea
1095 888 1386 947 pentapetala
1430 905 1520 931 un-

217 953 387 1010 guibus
419 952 516 993 basi
549 952 667 990 inter
704 965 748 991 se
789 964 833 990 se
859 982 871 1000 ‚
903 958 948 990 et
979 965 1084 991 eum
1135 952 1226 990 imo
1275 951 1519 991 staminum

215 1013 330 1053 tubo
393 1009 571 1052 coalitis
604 1041 613 1050 .
668 1007 873 1051 Pertinet
925 1010 982 1050 ad
1036 1010 1214 1067 plantas
1277 1009 1520 1051 nonnullas

215 1071 373 1113 classis
398 1069 738 1125 Monadelplziae
763 1102 772 1110 .

275 1130 478 1172 Liliacea
531 1132 765 1187 perigonio
821 1127 1019 1185 simplici
1069 1128 1342 1185 hexapetalo
1367 1161 1378 1178 ‚
1438 1137 1519 1169 aut

217 1189 386 1234 sexfido
407 1224 418 1242 ‚
450 1187 800 1246 campaniformi
819 1222 828 1231 .
860 1188 1052 1246 Propria
1078 1188 1285 1245 plurium
1330 1188 1514 1246 planta-

218 1267 322 1293 rum
353 1250 510 1292 elassis
541 1248 817 1291 Hexandriae
841 1281 851 1290 .

277 1310 620 1368 Caryophyllaea
650 1307 940 1368 pentapetala
960 1342 970 1359 ‚
1012 1309 1248 1366 unguibus
1280 1310 1484 1365 angustis
1508 1341 1519 1358 ,

219 1373 416 1422 strictis,
459 1370 636 1427 longis,
683 1370 866 1411 laminis
916 1368 1123 1410 dilatatis
1149 1401 1159 1420 ,
1212 1369 1479 1426 patentibus
1508 1400 1519 1418 ,

220 1432 413 1474 subinde
443 1429 575 1472 fauce
607 1431 863 1472 coronatis.
896 1428 1141 1486 Reperitur
1174 1430 1222 1470 in
1243 1428 1523 1486 quibusdam

219 1491 388 1549 plantis
419 1490 574 1532 elassis
606 1490 876 1532 Decandriae
897 1520 907 1530 .

219 1551 408 1594 Corolla
438 1550 703 1607 polypetala
733 1548 1003 1606 irregularis
1033 1555 1331 1605 nuncupatur

237 1643 239 1645 -
279 1611 611 1666 Papilionacea
635 1643 646 1661 ,
677 1625 783 1651 eum
833 1616 1010 1649 constat
1063 1607 1228 1665 petalis
1276 1615 1475 1665 quatuor
1509 1639 1520 1657 ‚

222 1685 422 1726 quorum
453 1668 644 1711 inferius
674 1667 976 1725 eymbiforme
996 1701 1006 1718 ,
1033 1668 1252 1725 genitalia
1283 1667 1523 1708 occultans

223 1731 392 1773 dicitur
432 1733 586 1772 carina
615 1763 624 1779 ‚
655 1730 748 1770 duo
788 1727 1000 1770 lateralia
1024 1761 1034 1779 ‚
1073 1727 1311 1770 verticalia
1359 1741 1522 1768 vocan-

220 1797 297 1831 tur
329 1791 411 1831 αἶα)
436 1823 447 1840 ,
478 1797 694 1847 quartum
744 1791 953 1846 superius
979 1820 990 1838 ‚
1024 1788 1240 1845 grandius
1268 1820 1278 1836 ‚
1310 1786 1524 1828 rotunda-

220 1856 321 1891 tum
347 1882 357 1899 ,
391 1849 634 1891 ascendens
659 1848 789 1890 audit
817 1849 1028 1889 vexillum
1049 1881 1058 1890 .
1099 1847 1335 1888 Interdum
1367 1848 1522 1887 carina

221 1918 288 1951 est
318 1908 530 1968 diphylla
556 1941 567 1959 ,
601 1917 682 1949 aut
706 1923 858 1965 ungue
888 1906 1059 1956 bifid03
1086 1907 1199 1948 alias
1231 1921 1415 1964 quoque
1448 1921 1522 1946 ca-

222 1971 322 2011 rina
347 2003 357 2020 ,
390 1969 496 2019 alae,
528 1968 753 2010 Vexillum
791 1967 964 2009 inferne
1008 1967 1273 2009 coalescunt
1303 1969 1420 2007 inter
1455 1980 1518 2016 se,

222 2037 268 2071 et
299 2031 464 2072 tubum
495 2027 692 2069 formant
716 2059 725 2068 .
758 2027 994 2085 Quidquid.
1026 2029 1083 2069 sit
1107 2060 1117 2078 ‚
1151 2026 1410 2067 istiusmodi
1443 2040 1522 2066 co-

223 2088 343 2131 rolla
373 2104 547 2145 semper
580 2087 895 2145 papilionacea
926 2095 1023 2137 est,
1057 2094 1102 2128 et
1133 2088 1322 2144 propria
1366 2085 1525 2127 elassis

223 2149 541 2208 Diadelplzioe,
574 2150 665 2189 imo
692 2147 804 2188 adeo
837 2146 1049 2189 solemnis
1081 2149 1126 2188 in
1160 2147 1244 2188 hae
1275 2146 1417 2188 classe
1464 2147 1526 2186 si-

225 2209 416 2260 stenda,
449 2217 534 2257 ut„
582 2222 678 2264 quae
726 2207 887 2264 plantae
933 2207 1102 2248 habent
1150 2208 1343 2248 stamina
1374 2220 1527 2247 mona-

227 2269 430 2326 delpha,
464 2276 508 2309 et
555 2266 780 2308 corollam
824 2266 1186 2324 papilionaceam
1211 2299 1222 2317 ‚
1271 2268 1529 2324 pertineant.

226 2328 415 2372 vinculo
445 2326 645 2370 naturali
676 2327 734 2370 ad
764 2326 953 2371 classem
981 2326 1304 2384 Diadelplziam
1327 2359 1336 2369 .
