1669 2563
249 144 334 185 250

249 248 293 303 ξ.
331 262 427 289 121.
459 245 626 288 Lirella
656 254 723 288 est
753 247 1044 304 apothecium
1070 247 1220 288 sessile
1245 279 1255 295 ,
1293 246 1476 295 lineam,

191 306 445 350 flexuosum
475 339 486 358 ‚
522 305 640 348 linea
671 305 992 364 longitudinali
1019 340 1030 358 ‚
1066 309 1189 348 tenui
1223 306 1478 354 dehiscens,

192 376 238 409 et
268 367 439 423 elytras
471 370 790 424 octospermias
819 369 1053 409 continens
1079 399 1087 408 .
1216 373 1224 381 '

253 427 296 483 ξ.
347 441 439 470 122.
471 427 685 469 Globulus
719 436 786 468 est
818 426 1108 484 apothecium
1141 425 1337 466 solidum
1364 457 1374 474 ,
1408 438 1483 464 or-

193 486 401 529 biculare
427 519 438 537 ‚
470 501 725 528 convexum
745 520 756 537 ,
780 488 915 528 situm
947 489 992 527 in
1024 489 1153 543 apice
1182 486 1375 542 podctii,
1403 486 1483 524 ini-

194 549 257 588 tio
281 549 481 589 cinctum
505 549 705 604 margine
737 549 984 589 accessorio
1005 547 1148 603 ipsius
1172 546 1340 603 podetii
1363 577 1374 594 ‚
1402 544 1483 600 qui

191 622 346 664 margo
377 607 559 650 demum
583 609 843 657 evanescit,
891 616 1146 648 remanente
1196 602 1485 662 receptaculo

195 666 426 725 proligero
453 699 464 717 ,
494 681 632 723 supra
663 666 1000 724 hemisphaerico
1028 698 1038 708 .

253 726 297 781 §.
336 728 430 768 123.
475 725 691 768 Pilc'dium
740 735 807 768 est
856 726 1147 783 apothecium
1196 722 1456 766 orbiculare
1475 755 1485 772 ‚

192 786 613 842 hemisphaericum,
649 786 898 842 perithecio
931 784 1227 843 scyphiformi
1248 818 1259 835 ,
1293 783 1486 825 subinde

195 848 477 902 marginante
512 854 752 902 exceptum
776 877 788 894 ,
820 853 865 886 et
893 854 1046 888 crusta
1076 853 1263 886 externa
1294 847 1340 885 in
1381 842 1488 901 pul-

194 920 345 948 verem
378 903 718 961 gongyliferum
750 904 932 945 demum
963 903 1173 945 fatiscens
1199 937 1208 946 .

257 964 302 1019 ὃ.
335 966 429 1016 124.
467 963 757 1004 Tuberculam
788 971 854 1004 est
884 963 1174 1020 apothecium
1207 962 1489 1019 sphaericum,

195 1023 269 1065 vel
300 1023 659 1064 subconoideum
678 1055 689 1072 ,
717 1025 847 1080 apice
873 1021 1046 1079 papilla
1073 1023 1363 1064 terminatum
1383 1055 1394 1072 ‚
1428 1029 1491 1071 et,

196 1081 371 1139 papilla
401 1090 691 1124 evanescente
711 1114 721 1134 ,
756 1080 1040 1140 perforatum
1066 1114 1077 1132 ‚
1110 1083 1207 1123 basi
1248 1096 1328 1123 sua
1369 1081 1493 1122 thal-

196 1142 243 1183 lo
274 1144 535 1184 immersum
564 1174 575 1193 ‚
607 1144 976 1200 immarginatum
995 1175 1006 1193 ,
1039 1141 1213 1183 factum
1244 1157 1301 1182 ex
1336 1140 1494 1198 dupli-

196 1205 240 1244 ci
273 1210 430 1252 strato,
463 1210 584 1244 arcte
611 1203 777 1244 adnato
797 1235 808 1253 ‚
841 1203 1066 1244 exteriore
1098 1203 1313 1262 duriore,
1346 1203 1494 1258 nigro,

195 1263 320 1303 intus
368 1260 524 1304 fovens
567 1261 785 1304 nucleum
832 1261 1222 1321 suhgelatinosum
1244 1293 1255 1312 ,
1310 1263 1356 1301 in
1402 1275 1495 1318 quo

196 1329 316 1363 stant
346 1320 500 1377 elytrae
531 1320 724 1365 lineares
748 1355 759 1374 ‚
792 1321 1181 1380 longitudinales,
1215 1320 1387 1364 refertae
1418 1336 1491 1362 ve-

195 1381 357 1424 siculis
405 1381 707 1441 gongyliferis
735 1415 747 1433 ,
789 1382 1079 1438 subdidymis
1105 1415 1117 1433 ,
1150 1383 1456 1424 concatenatis
1483 1413 1492 1422 .

197 1442 321 1499 Saepe
353 1443 400 1483 in
434 1443 677 1485 tuberculo
712 1446 1005 1501 reperiuntur
1039 1450 1137 1484 tum
1169 1441 1324 1498 elytrae
1356 1474 1367 1492 ‚
1399 1449 1497 1482 tum

196 1501 404 1544 vesiculas
455 1504 578 1545 intus
620 1518 772 1545 vacuae
799 1536 810 1554 ‚
851 1511 933 1545 aut
965 1502 1173 1545 vesiculae
1221 1501 1348 1543 nudae
1402 1503 1494 1543 sine

199 1561 360 1617 elytris
388 1594 399 1613 ,
431 1571 512 1604 aut
542 1563 730 1622 gongyli
763 1564 906 1614 nudi,
939 1564 1083 1621 sparsi
1110 1595 1122 1613 ‚
1156 1562 1279 1619 quod
1310 1561 1496 1617 quidem

198 1623 258 1664 ab
307 1630 524 1680 apertura
550 1656 562 1674 ‚
592 1623 668 1666 vel
717 1623 1027 1666 destructione
1070 1621 1496 1680 perigongyliorum

199 1682 395 1740 pendere
426 1683 674 1726 verisimile
704 1691 771 1725 est
796 1716 807 1726 .
839 1683 1159 1726 Tuberculum
1190 1682 1358 1724 dicitur

262 1741 574 1799 Papillosum,
605 1758 711 1785 cum
747 1759 864 1802 apex
896 1745 995 1801 ejus
1015 1744 1185 1786 directe
1208 1741 1494 1801 protrahitur

203 1803 251 1843 in
283 1802 505 1859 papillam
536 1811 765 1846 extantem
785 1836 795 1845 .

270 1861 595 1914 Umbilicatum‚
618 1878 724 1905 cum
755 1879 870 1921 apex
900 1864 998 1919 ejus
1028 1862 1267 1920 depressus
1293 1894 1303 1913 ,
1338 1868 1382 1903 et
1415 1876 1495 1918 pa-

204 1921 319 1980 pilla
350 1925 555 1979 exsurgit
584 1938 610 1964 a
639 1931 795 1966 centro
822 1923 1136 1980 depressionis.

262 1982 306 2038 §.
344 1983 441 2024 125.
467 1982 642 2025 Uistula
672 1991 739 2024 est
768 1983 1059 2040 apothecium
1094 1982 1240 2024 forma
1271 1979 1424 2023 nuclei
1448 1982 1493 2020 in

201 2050 359 2083 centro
393 2042 631 2100 perithecii
660 2043 926 2101 subglohosi
947 2075 957 2093 ,
985 2045 1058 2084 siti
1090 2045 1137 2084 in
1181 2043 1309 2099 apice
1357 2041 1497 2098 pode-

205 2103 294 2152 tii,
331 2110 376 2143 et
407 2117 483 2144 ore
514 2102 666 2144 lacero
699 2119 744 2144 se
777 2119 820 2145 se
852 2103 1196 2159 disrumpentis,

263 2162 307 2216 §.
348 2163 439 2204 126.
473 2161 782 2219 Propagulum
811 2171 877 2204 est
907 2163 1196 2221 apothecium
1226 2195 1235 2212 ,
1269 2161 1391 2218 quod
1437 2160 1501 2200 di-

206 2223 326 2262 citur
362 2226 649 2265 accessorium
671 2256 682 2274 ,
709 2238 763 2265 eo
798 2223 924 2280 quod
970 2224 1224 2280 reperiatur
1265 2224 1310 2262 in
1343 2221 1499 2262 eadem

207 2282 352 2340 specie
404 2298 508 2325 cum
559 2298 680 2336 uno,
735 2282 937 2327 alterove
996 2299 1052 2325 ex
1108 2284 1198 2339 jam
1260 2283 1503 2338 descriptis
